3044 5019
914 457 1260 505 CHARTAE
1307 457 1982 508 ANcLosAxochE.
2360 442 2495 511 325

383 615 547 678 corii
579 612 669 678 do
701 621 772 678 et
798 614 1062 696 angelis
1099 616 1246 679 eius
1279 663 1295 678 .
1329 614 1488 679 Nisi
1534 615 1726 697 prius
1767 614 1877 679 h‘ic
1915 615 2129 698 digna
2173 615 2492 684 satisfac-

384 715 575 778 tione
601 715 965 778 emendare
995 715 1355 796 satagerit.
1438 714 1607 778 Istis
1642 715 1974 793 terminiS,
2007 722 2138 780 etc.

496 815 574 896 »14
603 814 758 895 Ego
797 815 1066 895 eadwig
1094 833 1220 876 rex
1255 814 1549 896 anglorii
1578 814 2150 892 indeclinabiliter
2180 819 2490 883 concessi

376 950 385 953 ν
493 915 571 993 »14
602 913 756 995 Ego
789 912 1051 995 eadgar
1080 912 1383 976 eiusdem
1419 913 1604 993 regis
1636 914 1704 975 f?
1729 915 2045 978 consensi

495 1015 573 1093 »14
603 1013 758 1095 Ego
811 1012 947 1077 oda
1005 1010 1314 1099 archieps
1363 1032 1519 1077 cum
1572 1013 1773 1094 signo
1829 1014 1947 1122 sce
2007 1015 2230 1077 crucis
2264 1018 2342 1096 »14
2371 1037 2484 1081 ro-

382 1112 627 1175 boraui
1553 1164 1554 1167 ,

488 1211 571 1291 »14
606 1210 759 1292 Ego
828 1211 1133 1275 aelfsinus
1190 1212 1423 1293 presul
1473 1211 1709 1294 sigillii
1776 1211 1933 1318 agie
1978 1211 2203 1276 crucis
2237 1213 2315 1294 »14
2353 1212 2481 1276 im-

378 1328 619 1392 pressi.

368 1434 377 1441 ·
493 1411 571 1492 »14
600 1409 755 1491 Ego
789 1410 1053 1492 oscytel
1089 1406 1207 1496 eps
1243 1410 1652 1493 consignaui

384 1549 389 1553 -
491 1512 569 1590 »14
603 1509 757 1591 Ego
782 1510 977 1573 ‘osulf
1000 1506 1117 1596 ep's
1147 1510 1470 1591 adquieui

489 1608 567 1689 »14
597 1608 752 1701 Ego
787 1609 1104 1690 wulfsige
1134 1606 1253 1696 eps
1289 1609 1663 1691 subscripsi

488 1711 566 1789 »14
600 1708 754 1791 Ego
784 1708 1175 1791 byrhthelm
1206 1706 1324 1795 eps
1355 1709 1662 1772 conclusi

367 1843 377 1851 -
412 1862 415 1863 γ
488 1809 566 1890 »14
596 1808 750 1890 Ego
785 1808 1108 1893 aepelstan
1137 1807 1282 1871 dux

486 1910 564 1988 »14
596 1908 750 1990 Ego
782 1906 1125 1971 eadmund
1158 1907 1303 1970 dux

376 2063 383 2068 .
487 2006 751 2089 »14Ἐςο
778 2006 1125 2092 byrhtferp
1150 2007 1296 2069 dux

488 2106 566 2187 »14
598 2106 751 2187 Ego
780 2105 1065 2169 aelfhere
1094 2105 1238 2170 dux

490 2206 568 2287 »14
603 2206 756 2287 Ego
792 2205 1057 2287 aelfsige
1089 2206 1239 2271 mis.

484 2305 562 2386 »14
597 2305 750 2387 Ego
785 2305 1050 2369 wulfric
1079 2304 1231 2368 mis.

484 2404 562 2485 »14
596 2405 752 2486 Ego
780 2404 1158 2490 aepelgeard
1194 2403 1347 2469 mis.

485 2504 563 2586 »14
597 2505 752 2586 Ego
785 2503 1084 2568 aelfheah
1117 2504 1268 2568 mis.

371 2657 381 2666 .
484 2607 561 2685 »14
591 2605 744 2686 Ego
772 2603 1017 2685 aelfgar
1047 2604 1198 2666 mi‘s.

482 2706 559 2784 »14
591 2703 743 2785 Ego
777 2702 1124 2788 byrhtferp
1156 2702 1305 2766 mis.

484 2806 561 2884 »14
595 2803 749 2885 Ego
782 2803 1016 2867 aelfred
1051 2803 1200 2866 mis.

1305 2968 1547 2982 —-——-

1241 3095 1620 3165 ccchL

1105 3216 1547 3324 Exnwm,
1592 3244 1744 3309 956.

482 3404 560 3485 »14
591 3400 897 3466 CUNc'rA
945 3415 1128 3480 quae
1170 3402 1548 3460 cernuntur
1592 3395 1771 3458 inter
1811 3391 2079 3455 coelum
2112 3399 2183 3455 et
2220 3400 2473 3458 terram

370 3504 674 3586 practice
739 3497 1151 3580 temporalia
1206 3502 1393 3573 sunt,
1428 3501 1532 3558 et
1588 3511 1767 3575 quae
1825 3509 1965 3556 non
2019 3490 2344 3555 uidentur
2401 3494 2474 3557 in

367 3602 781 3667 coelestibus
860 3597 1166 3662 theorice
1241 3593 1592 3659 ,catholica
1670 3591 1804 3654 fide
1877 3590 2218 3654 credenda
2291 3600 2471 3657 sunt.

371 3702 815 3784 Quapropter
861 3696 1133 3778 antiqui
1165 3696 1439 3778 dudum,
1470 3693 1950 3767 decreuerunt,
1985 3710 2140 3757 cum
2181 3692 2474 3757 terrenis

369 3801 750 3865 aeternalia
800 3805 870 3861 et
921 3796 1200 3859 caducis
1258 3793 1585 3858 coelestia
1646 3790 2033 3855 collucrari.
2165 3789 2473 3873 Ideoque

365 3901 532 3965 illuc
573 3895 963 3964 anhelando
993 3902 1145 3959 toto
1188 3894 1440 3974 mentis
1471 3891 1828 3954 conamine
1862 3888 2204 3966 alacriter,
2230 3890 2474 3955 Eadwi

366 4021 518 4078 rex,
553 4007 728 4063 nutu
761 3997 874 4060 dei
906 3992 1391 4076 Angulsaexna
1431 3998 1502 4054 et
1532 3988 2299 4055 Northanhumbrorum
2343 3990 2472 4053 im-

364 4107 668 4183 perator,
715 4114 1148 4180 paganorum
1195 4094 1639 4177 gubernator,
1699 4090 2262 4169 Breotonumque
2311 4107 2471 4170 pro-

365 4207 737 4283 pugnator,
808 4200 1188 4277 gratanter,
1240 4200 1320 4256 ut
1379 4191 1638 4254 dictum
1686 4195 1814 4265 est,
1858 4188 1988 4250 deo
2042 4186 2471 4265 cohortante,
