3044 5019
583 448 714 511 402
1097 461 1442 509 anRTAn
1488 459 2174 511 ANGLOSAxochB.

586 622 866 703 regibus
905 620 1222 683 omnibus
1265 619 1438 682 meis
1479 619 1810 682 donatam
1855 638 2008 682 esse
2045 617 2373 702 comperi,
2402 639 2699 702 quorum

588 721 792 803 primi
839 720 1246 796 extiterunt,
1291 718 1660 799 Kingilsus
1715 739 1864 796 rex,
1910 726 1983 783 et
2030 718 2215 781 filius
2268 719 2417 782 eius
2475 719 2696 783 Kine-

593 820 858 884 waldus
902 837 1052 895 rex,
1097 819 1218 900 qui
1261 818 1335 880 in
1371 817 1659 881 exordio
1711 817 1872 880 fidei
1919 817 2357 882 Christianae
2400 820 2697 883 sanctis-

593 918 767 983 simo
803 917 1058 982 Berino
1090 918 1415 999 episcopo
1457 918 1745 980 uerbum
1789 915 1900 979 dei
1942 916 2387 997 praedicante
2414 937 2699 982 conces-

593 1025 832 1081 serunt
862 1017 1167 1079 eiusdem
1195 1016 1363 1079 iuris
1395 1017 1899 1098 possessionem
1930 1016 2018 1078 ad
2051 1016 2440 1098 praefatum
2475 1020 2701 1081 sancti

595 1117 732 1181 loci
788 1116 1321 1195 monasterium3
1385 1114 1633 1178 deinde
1684 1114 2078 1196 Egberhtus
2125 1134 2278 1192 reX,
2330 1112 2698 1199 Abulphus

597 1236 746 1292 rex,
771 1214 1124 1279 AElsredus
1143 1234 1293 1291 rex,
1325 1213 1691 1295 Eadgarus
1720 1233 1889 1277 rex:
1931 1214 2224 1297 ideoque
2250 1216 2604 1297 praecipio
2625 1217 2697 1279 in

600 1315 876 1379 nomine
908 1313 1170 1378 domini
1202 1314 1422 1377 nostri
1443 1312 1656 1376 Ihesu
1681 1312 1940 1377 Christi
1969 1320 2049 1377 ut
2081 1313 2310 1376 nullus
2334 1315 2700 1396 episcopus

601 1414 903 1477 eiusdem
933 1413 1069 1475 loci
1097 1412 1288 1477 illam
1336 1419 1590 1475 terram
1640 1412 1725 1475 de
1768 1412 1923 1494 ipso
1975 1414 2396 1476 monasterio
2428 1413 2699 1477 trahere

602 1513 880 1588 audeat,
932 1531 1062 1574 nec
1109 1512 1318 1576 alicui
1366 1511 1822 1575 saecularium
1874 1531 2001 1593 pro
2059 1531 2342 1575 munere
2391 1513 2703 1594 quolibet

601 1630 754 1675 eam
790 1611 954 1674 dare
989 1617 1409 1693 praesumat.
1517 1609 1679 1674 Hoc
1708 1630 1984 1692 quoque
2022 1610 2313 1692 prouida
2350 1612 2699 1674 consider-

604 1712 834 1775 atione
866 1709 1332 1792 superaddidi,
1362 1716 1434 1773 et
1465 1709 1818 1785 mandaui,
1847 1716 1928 1773 ut
1971 1702 2204 1772 nullus
2243 1709 2540 1773 filiorum
2589 1712 2699 1774 uel

603 1818 930 1893 nepotum
962 1828 1293 1886 meorum,
1322 1827 1449 1872 nec
1482 1808 1735 1889 aliquis
1768 1827 2241 1872 successorum
2274 1828 2583 1873 meorum
2616 1811 2704 1873 ad

604 1909 1034 1992 praedictum
1074 1908 1257 1972 sedis
1300 1907 1712 1990 episcopalis
1768 1908 2197 1985 coenobium,
2241 1908 2529 1973 clericos
2577 1929 2704 1972 un-

606 2027 815 2090 quam
848 2007 1282 2086 introducat3
1328 2007 1447 2070 sed
1479 2006 1716 2070 electis
1755 2006 2010 2069 eisdem
2042 2001 2396 2070 monachis
2429 2007 2708 2073 Christo

608 2106 860 2169 ibidem
902 2104 1031 2168 deo
1075 2105 1538 2168 seruientibus
1583 2105 1976 2186 deputetur,
2021 2106 2204 2194 sicut
2247 2126 2377 2188 ego
2403 2108 2554 2188 ipse
2589 2128 2707 2172 co-

609 2210 939 2288 operante
992 2204 1484 2286 omnipotentis
1548 2204 1659 2266 dei
1706 2204 1971 2268 auxilio
2022 2204 2376 2282 constitui,
2429 2207 2711 2288 quando

610 2305 945 2388 superbos
988 2304 1274 2367 clericos
1319 2303 1440 2386 qui
1487 2301 1617 2366 deo
1663 2303 1921 2366 seruire
1968 2307 2552 2386 contempserunt,
2581 2327 2711 2388 pro

614 2403 929 2468 nefandis
962 2403 1107 2466 suis
1153 2403 1424 2466 actibus
1478 2408 1550 2464 et
1582 2402 2010 2466 detestandis
2053 2404 2356 2466 seruitiis
2393 2405 2555 2468 inde
2587 2406 2712 2468 eli-

615 2505 914 2567 minatos
959 2502 1222 2585 expuli,
1260 2502 1493 2584 ibique
1538 2520 1806 2565 sacram
1854 2501 2372 2566 coenobitarum
2417 2524 2712 2587 congre-

614 2603 990 2684 gationem,
1035 2603 1156 2683 qui
1204 2602 1277 2665 in
1327 2601 1602 2683 hymnis
1646 2608 1717 2665 et
1763 2601 2082 2665 laudibus
2138 2601 2415 2666 domino
2462 2605 2716 2668 uolun-

616 2703 792 2766 tarie
841 2700 1203 2778 seruirent,
1258 2700 1703 2781 congregaui.
1808 2699 2221 2783 Quicunque
2272 2701 2452 2766 hanc
2503 2702 2715 2768 liber-

617 2809 835 2866 tatem
867 2800 1214 2865 custodire
1248 2799 1575 2876 uoluerit,
1608 2799 1958 2863 custodiat
1998 2820 2155 2864 eum
2201 2800 2370 2865 deus
2403 2809 2474 2866 et
2501 2801 2613 2866 hic
2646 2814 2719 2868 et

621 2903 692 2965 in
728 2919 1002 2964 aeuum.
1106 2899 1183 2962 Si
1227 2900 1384 2981 quis
1429 2906 1661 2962 autem
1711 2898 2055 2964 diabolica
2104 2900 2550 2981 suggestione
2593 2903 2717 2966 de-

621 3007 864 3082 ceptus
918 3000 1097 3062 hanc
1141 2999 1533 3062 libertatem
1577 2998 1884 3061 minuere
1927 2999 2041 3062 uel
2088 2998 2462 3081 infringere
2512 3021 2717 3083 prae-

623 3100 1017 3182 sumpserit,
1049 3098 1334 3161 ueniant
1362 3115 1573 3178 super
1611 3117 1769 3161 eum
1813 3098 2118 3161 omnium
2155 3099 2718 3164 maledictionum

626 3217 883 3278 genera
913 3216 1091 3278 quae
1129 3197 1391 3278 scripta
1434 3203 1598 3260 sunt
1643 3197 1717 3260 in
1761 3215 1944 3260 nouo
1985 3204 2055 3261 et
2099 3197 2172 3260 in
2227 3199 2447 3262 ueteri
2498 3206 2715 3264 testa-

627 3302 883 3372 mento,
944 3295 1174 3375 sitque
1231 3296 1498 3358 coelum
1551 3295 1846 3360 ferreum
1912 3315 2121 3379 super
2167 3304 2380 3380 caput
2424 3298 2597 3375 eiuS,
2649 3307 2721 3364 et

628 3395 834 3459 tellus
865 3394 1128 3459 ahenea
1158 3394 1287 3456 sub
1319 3394 1611 3477 pedibus
1639 3397 1809 3472 eiuS,
1842 3404 1913 3459 et
1941 3395 2034 3458 sit
2052 3397 2203 3479 ipse
2237 3403 2517 3461 aeterno
2550 3417 2721 3461 ana-

627 3494 932 3559 themate
972 3501 1336 3575 separatus
1374 3513 1441 3581 a·
1461 3494 1592 3557 deo
1637 3503 1708 3558 et
1748 3495 2066 3558 omnibus
2120 3496 2380 3560 sanctis
2429 3496 2603 3573 eiuS,
2650 3505 2723 3562 et

629 3594 1015 3676 apostolica
1040 3595 1400 3658 beatorum
1437 3592 1632 3657 Petri
1667 3601 1738 3657 et
1773 3592 1980 3656 Pauli
2012 3594 2434 3658 authoritate
2459 3595 2722 3676 ligatus

628 3692 724 3755 sit
755 3691 1083 3773 quamdiu
1114 3693 1394 3768 uixerit,
1428 3698 1499 3755 et
1529 3700 1689 3774 post
1722 3692 2160 3756 maledictum
2204 3695 2469 3758 obitum
2496 3714 2725 3773 suum,

631 3790 1127 3871 gehennalibus
1159 3791 1452 3854 flammis
1492 3811 1651 3854 cum
1685 3792 1961 3855 diabolo
1996 3799 2065 3855 et
2098 3792 2365 3873 angelis
2397 3793 2544 3856 suis
2576 3794 2728 3857 sine

634 3889 769 3954 fine
815 3890 1180 3954 damnatus
1213 3897 1284 3954 et
1315 3891 1665 3955 cruciatus
1712 3892 2032 3968 intereat,
2075 3892 2210 3955 nisi
2252 3892 2446 3973 prius
2489 3912 2724 3956 emen-

628 3989 925 4066 dauerit,
948 3989 1130 4071 quod
1155 3989 1357 4052 deum
1388 3990 1931 4072 omnipotentem
1959 3997 2031 4054 et
2061 3997 2338 4056 sanctos
2368 3992 2726 4073 apostolos

631 4090 779 4153 eius
811 4108 939 4171 pro
970 4087 1140 4151 nihil
1172 4106 1449 4168 sperare
1484 4109 1623 4155 non
1651 4089 1904 4154 timuit.
