3044 5019
613 432 744 500 368
1125 448 1469 497 anRrAss
1514 446 2201 498 ANcmSAxochss.

611 605 804 687 plum
857 603 1085 667 fuerat
1138 605 1398 667 dudum
1449 602 1822 687 ApolliniS,
1870 604 1977 668 dei
2031 605 2472 687 prouidentia
2537 626 2727 672 nunc

609 704 1015 767 mirabiliter
1059 705 1147 767 ab
1179 705 1331 786 ipso
1376 704 1728 786 clauigero
1779 713 1888 768 est
1922 712 2369 768 consecratus
2406 724 2489 768 ac
2526 705 2722 770 dedi-

609 811 832 879 catuS,
886 804 1214 886 quatinus
1263 805 1352 866 ab
1395 805 1583 867 omni
1622 804 1963 867 saeculari
2010 804 2102 868 sit
2153 823 2424 886 semper
2482 807 2724 888 quieta

609 903 960 966 seruitute.
1022 902 1116 966 Et
1147 923 1231 966 ne
1254 903 1409 986 quis
1442 904 1910 986 praesentium
1935 904 2044 967 uel
2075 905 2300 985 magis
2324 903 2721 969 futurorum

609 1003 918 1084 ambigat
960 1022 1138 1085 quae
1177 1003 1269 1066 sit
1312 1003 1434 1065 illa
1477 1003 1762 1066 libertas
1795 1021 2003 1085 quam
2052 1003 2441 1066 amabiliter
2481 1013 2551 1067 et
2599 1005 2717 1067 fir-

606 1102 809 1165 miter
871 1102 1198 1185 conced0,
1264 1102 1675 1165 omnimodis
1741 1108 1992 1165 cuncta
2052 1102 2238 1165 illius
2308 1105 2715 1168 monasterii

606 1202 955 1284 possessio
1011 1201 1218 1264 nullis
1273 1201 1364 1264 sit
1410 1220 1719 1282 unquam
1772 1207 2071 1281 grauata
2115 1200 2534 1280 hominibus,
2586 1224 2715 1268 nec

608 1301 1068 1383 expeditionis
1142 1319 1269 1363 nec
1329 1300 1563 1382 pontis
1639 1305 1710 1362 et
1783 1300 1961 1363 arcis
2006 1299 2502 1378 aedificamine,
2583 1322 2712 1367 nec

605 1400 776 1463 iuris
837 1401 1091 1481 regalis
1150 1399 1514 1479 fragmine,
1572 1418 1699 1462 nec
1739 1398 1910 1461 furis
1977 1399 2565 1481 apprehensione3
2631 1410 2711 1467 ut

606 1500 840 1563 omnia
905 1500 1108 1562 simul
1163 1497 1762 1580 comprehendam,
1823 1498 1921 1562 nil
1978 1497 2183 1562 debet
2250 1500 2523 1563 exsolui
2584 1520 2711 1565 nec

605 1599 778 1680 regi,
819 1617 944 1661 nec
997 1599 1181 1681 regis
1224 1598 1646 1681 praeposito,
1691 1604 1762 1661 et
1806 1598 2156 1680 episcope,
2203 1598 2317 1661 uel
2372 1599 2532 1662 duci
2595 1601 2712 1665 uel

607 1698 732 1761 ulli
776 1697 1077 1778 homini3
1128 1698 1248 1762 sed
1279 1698 1510 1761 omnia
1555 1696 1788 1760 debita
1818 1697 2190 1761 exsoluant
2232 1697 2489 1779 iugiter
2530 1719 2714 1781 quae

604 1798 678 1860 in
747 1799 902 1880 ipsa
961 1797 1427 1861 dominatione
1489 1796 1745 1860 fuerint
1807 1797 1895 1859 ad
1973 1798 2444 1879 supradictum
2502 1818 2708 1863 sanc-

604 1904 753 1960 tum
797 1897 1049 1974 locum,
1090 1897 1465 1961 secundum
1496 1895 1681 1978 quod
1717 1896 2472 1960 ordinauerint'fratres
2523 1899 2709 1962 eius-

604 1995 756 2059 dem
802 1997 1132 2060 coenobii.
1239 1996 1699 2059 Obsecramus
1744 1996 1949 2058 etiam
1998 2015 2234 2059 omnes
2274 2016 2712 2062 successores

605 2102 880 2158 nostros
919 2114 1118 2177 reges
1147 2101 1218 2158 et
1253 2096 1621 2177 principeS,
1660 2114 1785 2177 per
1816 2101 2129 2159 sanctam
2175 2101 2246 2159 et
2278 2095 2709 2161 indiuiduam

607 2193 1021 2260 Trinitatem
1050 2203 1121 2258 et
1153 2214 1276 2277 per
1320 2195 1697 2259 aduentum
1745 2195 1912 2258 iusti
1960 2195 2232 2272 iudiciS,
2265 2202 2344 2259 ut
2377 2198 2708 2278 quemad-

604 2294 882 2358 modum
916 2315 1004 2358 ex
1045 2294 1514 2358 munificentia
1567 2300 2083 2358 antecessorum
2118 2302 2512 2358 nostrorum
2556 2296 2706 2379 ipse

601 2394 796 2458 locus
856 2394 1131 2458 uidetur
1194 2412 1344 2458 esse
1406 2393 1694 2471 ditatuS,
1752 2394 1983 2457 nullus
2049 2395 2528 2477 episcoporum
2591 2397 2705 2460 uel

601 2496 931 2559 abbatum
965 2502 1088 2559 aut
1120 2514 1355 2559 eorum
1390 2493 1822 2558 ordinatores
1867 2493 1979 2557 uel
2023 2493 2373 2577 quaelibet
2405 2515 2705 2578 persona

603 2594 827 2676 possit
858 2613 1135 2677 quoquo
1167 2594 1406 2658 ordine
1435 2593 1520 2657 de
1552 2594 1705 2658 loco
1746 2594 1900 2678 ipso
1936 2593 2197 2676 aliquid
2240 2594 2537 2673 auferre,
2585 2606 2709 2660 aut

603 2693 906 2774 aliquam
938 2700 1355 2776 potestatem
1396 2694 1527 2757 sibi
1566 2694 1638 2756 in
1683 2693 1837 2775 ipso
1881 2694 2302 2757 monasterio
2338 2714 2699 2778 usurpare,

601 2792 715 2856 uel
760 2793 1020 2876 aliquid
1069 2793 1270 2877 quasi
1321 2811 1445 2875 per
1491 2792 2050 2856 commutationis
2105 2793 2385 2857 titulum
2439 2795 2703 2878 absque

600 2893 961 2957 uoluntate
1004 2893 1223 2975 ipsius
1276 2892 1834 2974 congregationis
1883 2892 1996 2955 uel
2047 2898 2358 2956 nostrum
2411 2896 2703 2975 permis-

600 3011 750 3056 sum
806 2995 1137 3069 minuere,
1182 2999 1305 3055 aut
1350 2992 1601 3056 calices
1642 2998 1765 3056 aut
1811 3010 2074 3068 cruceS,
2121 3011 2244 3055 seu
2298 2991 2705 3058 indumenta

597 3092 837 3156 altaris
871 3093 984 3156 uel
1014 3111 1247 3157 sacros
1278 3091 1574 3169 codices,
1594 3110 1834 3155 aurum
1854 3099 2217 3172 argentum
2250 3092 2363 3155 uel
2387 3093 2697 3174 qualem-

598 3211 892 3275 cumque
924 3193 1223 3273 speciem
1254 3191 1505 3254 ibidem
1542 3191 1893 3267 collatam,
1931 3189 2202 3253 auferre
2232 3191 2346 3254 uel
2377 3191 2553 3255 alias
2582 3193 2700 3256 de-

597 3290 773 3353 ferre
816 3298 1239 3372 praesumat.
1343 3290 1475 3355 Sed
1528 3291 1737 3354 liceat
1768 3290 1903 3373 ipsi
1951 3291 2480 3372 congregationi
2513 3293 2698 3374 quod

597 3390 728 3453 sibi
774 3410 899 3472 per
940 3396 1202 3453 rectam
1252 3389 1759 3471 delegationem
1805 3389 2135 3453 collatum
2182 3396 2310 3466 est,
2358 3392 2696 3473 perpetim

594 3491 973 3572 possidere,
997 3498 1068 3554 et
1089 3510 1216 3573 pro
1234 3489 1615 3553 stabilitate
1638 3490 1835 3571 regni
1854 3489 2073 3552 nostri
2090 3489 2346 3570 iugiter
2363 3509 2655 3554 exorare
2678 3513 2695 3570 ;

594 3591 760 3670 quia
789 3611 940 3666 nOS,
984 3611 1113 3673 pro
1157 3590 1266 3653 dei
1313 3609 1544 3653 amore
1591 3595 1661 3652 et
1698 3589 2088 3652 reuerentia
2131 3588 2353 3652 sancti
2394 3591 2695 3671 apostoli

593 3696 664 3751 et
708 3688 1150 3771 adipiscenda
1193 3689 1342 3752 uita
1386 3694 1690 3764 aeterna,
1735 3688 1864 3752 hoc
1897 3687 2304 3751 beneficium
2343 3688 2431 3750 ad
2466 3689 2695 3752 locum

591 3787 787 3851 illum
831 3789 1204 3852 terribilem
1253 3794 1323 3852 et
1368 3795 1711 3863 sanctum,
1754 3807 1910 3850 cum
1960 3787 2250 3850 consilio
2289 3788 2692 3868 pontificum

590 3893 661 3950 et
724 3888 1095 3953 illustrium
1145 3889 1452 3951 uirorum
1497 3906 1807 3951 meorum
1862 3905 2248 3969 procerum,
2295 3886 2692 3967 gratissimo

589 3988 821 4052 animo
857 3995 928 4052 et
958 3989 1232 4069 integra
1277 3987 1639 4051 uoluntate
1680 3986 1813 4049 nisi
1849 4005 2087 4050 sumus
2119 3985 2577 4068 praestitisse,
2609 4008 2691 4052 eo

588 4088 911 4151 uidelicet
943 4089 1205 4163 ordine,
1225 4092 1304 4149 ut
1327 4087 1508 4150 sicut
1530 4094 1839 4169 tempore
1857 4086 2465 4168 praedecessorum
2500 4107 2690 4152 meo-

587 4206 738 4250 rum
772 4187 1024 4251 ibidem
1057 4186 1307 4252 chorus
1352 4186 1796 4267 psallentium
1840 4206 1965 4268 per
2002 4194 2269 4249 turmas
2311 4186 2444 4250 fuit
2482 4186 2683 4251 insti-
