3044 5019
909 435 1254 482 cHAR'rAE
1299 433 1626 483 ANcLoSA
1640 433 1985 481 xochss.
2351 418 2481 482 163

361 598 542 668 stan,
580 590 690 653 dei
732 592 1174 674 prouidentia
1218 593 1653 673 gubernante
1686 612 1815 655 rex
1858 590 2272 674 Anglorum,
2316 613 2473 658 cum

362 691 528 754 mihi
570 692 884 773 indigno,
922 700 994 756 et
1037 693 1300 774 absque
1340 692 1486 755 ulla
1529 692 1928 755 meritorum
1983 693 2473 775 praerogatiua

361 791 722 855 ineffabilis
790 792 899 855 dei
972 791 1339 855 clementia
1403 791 1707 870 regalem
1775 790 2136 873 dignitatis
2190 793 2468 859 honori·
2586 872 2598 884 ³

360 890 702 954 ficentiam
737 892 1168 967 contulisset,
1215 890 1385 953 utile
1431 890 1597 953 mihi
1643 889 1787 954 fore
1829 899 2057 955 mente
2097 897 2458 976 praecogi-

359 992 527 1068 taui,
576 998 654 1053 ut
704 990 967 1072 aliquid
1014 1011 1104 1054 ex
1150 990 1461 1073 percepti
1504 989 1835 1054 mundani
1887 990 2087 1072 regni
2135 992 2461 1058 distribu-

355 1090 548 1165 tione,
578 1110 705 1172 pro
739 1097 1023 1154 aeterna
1053 1089 1280 1153 salute
1313 1090 1585 1153 animae
1619 1108 1836 1167 meae,
1872 1092 2192 1173 quamuis
2236 1095 2462 1158 minus

354 1189 667 1271 dignum,
713 1189 800 1252 ad
850 1189 1404 1253 aecclesiasticae
1449 1190 1887 1253 liberalitatis
1931 1192 2293 1254 seruitium
2339 1213 2461 1257 ex—

356 1290 764 1371 penderem:
815 1297 1025 1370 atque
1069 1289 1226 1351 ideo
1266 1295 1524 1352 terram
1571 1337 1586 1353 .
1609 1307 1677 1355 v,
1732 1297 2187 1368 cassatorum,
2233 1292 2305 1355 id
2357 1302 2463 1359 est

353 1390 586 1452 uicum
654 1389 775 1470 qui
835 1390 1233 1453 nominatur
1298 1388 1558 1466 Eatun,
1630 1390 1833 1453 iuxta
1906 1390 2185 1454 flumine
2246 1391 2458 1458 Cear—

351 1488 627 1565 wellan,
684 1507 840 1551 cum
899 1508 1239 1553 consensu
1285 1496 1356 1553 et
1401 1508 1689 1552 assensu
1749 1490 2246 1555 uenerabilium
2311 1495 2456 1575 epi-

349 1607 723 1670 scoporum
756 1608 838 1652 ac
873 1589 1262 1671 principum
1308 1608 1639 1665 meorum,
1685 1609 1977 1671 quorum
2026 1591 2208 1654 infra
2253 1593 2457 1674 signa

226 1741 234 1750 .
349 1695 418 1750 et
464 1689 747 1751 nomina
791 1690 1188 1771 conscripta
1241 1689 1752 1766 demonstrabo,
1798 1689 2090 1754 libenter
2146 1711 2271 1773 pro
2332 1693 2455 1756 do—

347 1788 536 1851 mino
582 1788 671 1851 ad
710 1789 1116 1866 aecclesiam
1160 1788 1270 1871 dei
1324 1789 1696 1869 genetricis
1744 1788 2039 1866 Mariae,
2090 1809 2269 1871 quae
2318 1794 2455 1856 sita

345 1894 454 1950 est
504 1886 579 1949 in
625 1886 1027 1969 Weogorna
1079 1888 1386 1965 ciuitate,
1439 1889 1511 1953 in
1568 1895 1978 1970 perpetuum
2031 1889 2449 1971 perdonab0.

347 1985 506 2051 Pax
553 1988 993 2052 seruantibus
1038 1995 1110 2052 et
1154 1987 1700 2070 custodientibus
1751 1989 1930 2054 hanc
1983 1999 2292 2054 nostram
2327 1992 2448 2056 do—

345 2089 702 2151 nationem
753 2095 824 2152 et
857 2087 1289 2167 libertatem3
1345 2088 1975 2166 contradicentibus
2024 2110 2191 2153 uero
2227 2100 2298 2155 et
2330 2112 2448 2156 ne-

342 2188 674 2267 gantibus
718 2195 930 2271 atque
973 2188 1453 2269 frangentibus
1494 2188 1858 2253 deleantur
1890 2192 2172 2256 nomina
2212 2212 2449 2256 eorum

342 2286 427 2351 de
473 2288 654 2351 libro
700 2289 913 2364 uitae,
954 2295 1022 2351 et
1068 2308 1225 2353 cum
1269 2288 1471 2352 iustis
1524 2308 1664 2351 non
1714 2291 2124 2367 scribentur,
2175 2299 2245 2353 ct
2291 2311 2447 2354 cum

344 2385 530 2450 Iuda
592 2386 926 2451 traditore
980 2387 1089 2451 dei
1153 2389 1294 2452 sint
1356 2387 1668 2452 damnati
1734 2390 1807 2452 in
1873 2398 2251 2466 aeternum,
2317 2390 2449 2455 nisi

263 2509 266 2511 ·
340 2494 505 2551 ante
578 2485 689 2550 hic
765 2487 1302 2552 emendauerint.
1441 2488 1718 2571 Scripta
1781 2498 1888 2554 est
1943 2489 2113 2554 haec
2179 2491 2448 2555 cartula

339 2606 525 2651 anno
575 2587 959 2652 dominicae
1015 2588 1512 2665 incarnationis
1568 2636 1585 2652 .
1610 2606 2064 2654 Dccccxxlx.
2117 2610 2199 2653 ac
2243 2599 2446 2659 sexto

335 2686 538 2767 regni
608 2685 995 2751 AEbelstani
1072 2690 1284 2770 regiS,
1377 2686 1655 2751 Christo
1732 2688 1944 2754 Ihesu
2016 2692 2444 2772 gubernante

334 2787 736 2852 renouando
780 2788 852 2850 in
902 2787 1172 2866 meliuS,
1218 2808 1375 2852 cum
1429 2794 1829 2854 senatorum
1867 2789 2226 2870 signaculo
2279 2811 2442 2855 con-

333 2885 636 2951 firmata.

445 2989 527 3068 ›1‹
572 2986 725 3067 Ego
774 2986 1216 3071 AEPelstanus
1267 3005 1394 3050 rex
1450 2988 1744 3071 sceptris
1795 2988 2014 3052 fretus
2065 2988 2440 3068 regalibuS,

331 3084 514 3148 hanc
575 3092 839 3150 cartam
900 3088 1219 3163 manibus
1278 3087 1576 3167 signaui.
1714 3089 1791 3168 ›1‹
1847 3088 1999 3169 Ego
2052 3087 2442 3152 Wulfhelm

331 3185 895 3269 archiepiscopus
930 3188 1229 3267 signaui.
1345 3189 1422 3268 ›1‹
1469 3187 1624 3268 Ego
1660 3188 2030 3252 AElfwinus
2074 3175 2440 3271 episcopus

327 3286 630 3366 signaui.
733 3287 844 3366 ›1‹
891 3287 1045 3368 Ego
1114 3281 1635 3351 Rodeweardus
1685 3288 2244 3371 archiepiscopus
2296 3290 2438 3371 sig·-

329 3386 520 3449 naui.
570 3424 574 3431 ·
639 3386 716 3465 ›1‹
747 3386 899 3468 Ego
936 3386 1340 3451 Deodredus
1381 3388 1747 3470 episcopus
1793 3389 2090 3467 signaui.
2178 3389 2257 3471 ›1‹
2286 3388 2440 3470 Ego

334 3483 844 3550 Freobestanus
890 3488 1256 3569 episcopus
1313 3487 1610 3568 signaui.
1725 3489 1802 3568 ›1‹
1834 3487 1986 3569 Ego
2023 3488 2439 3553 AElfwaldus

330 3585 499 3649 dux,
617 3585 696 3667 ›1‹
730 3585 881 3668 Ego
918 3587 1348 3669 Sigehelmus
1367 3587 1730 3669 episcopus
1765 3588 2061 3671 signaui.
2178 3591 2255 3670 ›1‹
2287 3589 2439 3671 Ego

330 3682 797 3749 Gubrummus
826 3687 994 3750 dux.
1109 3689 1186 3768 ›1‹
1232 3687 1386 3767 Ego
1416 3684 1868 3769 Beornhegus
1897 3689 2260 3771 episcopus
2295 3690 2436 3772 sig-

329 3786 515 3848 naui.
633 3786 710 3865 ›1‹
757 3787 911 3868 Ego
964 3786 1221 3849 Urmus
1288 3784 1455 3848 dux.
1573 3789 1650 3868 ›1‹
1680 3787 1833 3869 Ego
1901 3787 2145 3853 Osferb
2209 3809 2436 3854 comes

328 3883 628 3965 signaui.
746 3888 823 3967 ›1‹
872 3886 1024 3967 Ego
1046 3884 1490 3948 AEbelstanus
1522 3886 1690 3950 dux.
1807 3890 1884 3969 ›1‹
1926 3888 2169 3954 Osferb
2206 3882 2434 3956 comes

326 4003 480 4047 cum
518 3982 810 4048 ducibus
844 4005 925 4049 ac
962 3986 1208 4049 ceteris
1236 3985 1708 4067 optimatibus,
1769 4041 1775 4048 .

2134 4300 2227 4342 Μ2
