3044 5019
954 471 1298 519 CHARTAE
1342 470 2025 520 ANGLOSAxochn.
2358 458 2488 523 155

383 630 561 693 senti
595 629 1080 711 prosperitate,
1109 622 1207 693 ¹et
1250 627 1486 692 futura
1529 629 1956 692 beatitudine
2005 629 2283 693 iocundi
2328 649 2486 711 per-

382 730 719 793 fruantur.
826 728 900 792 Si
934 737 1164 792 autem
1197 730 1637 792 temerarium
1673 730 2015 811 quispiam
2051 729 2246 792 nefas
2280 749 2485 812 supe-

382 831 524 893 rius
546 829 987 893 interdictum
1009 829 1153 893 ullo
1171 829 1375 892 modo
1388 830 1951 910 praesumpserit,
1976 828 2346 893 anathema
2368 831 2483 907 sit,

382 937 452 993 et
486 930 900 992 auctoritate
944 930 1129 992 beati
1180 927 1371 992 Petri
1417 928 1891 1011 apostolorum
1935 929 2263 1012 principis
2299 929 2487 993 Pau-

379 1029 589 1110 lique,
625 1048 916 1111 quorum
962 1030 1090 1091 sub
1135 1028 1318 1091 alma
1349 1028 1693 1092 Trinitate
1727 1030 2071 1111 possessio
2115 1037 2245 1105 est,
2301 1031 2486 1111 quod

383 1148 425 1191 a
457 1131 653 1193 nobis
688 1129 893 1191 modo
940 1136 1339 1204 renouatur,
1386 1128 1754 1192 damnatus
1785 1129 2105 1204 intereat,
2151 1130 2283 1191 nisi
2330 1149 2485 1193 cum

382 1229 641 1292 eiulatu
687 1248 939 1309 magno
986 1228 1170 1309 quod
1216 1235 1458 1291 contra
1502 1236 1812 1291 nostrum
1859 1228 2208 1292 decretum
2261 1230 2483 1291 minu-

382 1329 556 1391 endo
620 1347 1066 1410 praesumens
1124 1327 1434 1403 abstulit,
1501 1328 1917 1410 poenitendo
1991 1335 2153 1391 ante
2221 1330 2485 1392 obitum

380 1448 580 1490 suum
648 1427 1083 1492 satisfaciens
1134 1428 1535 1492 restituerit.
1644 1428 1845 1490 Haec
1895 1428 2165 1491 cartula
2226 1430 2486 1511 scripta

381 1535 485 1591 est
532 1548 718 1591 anno
779 1527 1161 1591 dominicae
1200 1528 1697 1591 incarnationis
1762 1544 2174 1592 Dcccc.vl11.
2240 1527 2477 1594 indict.

382 1645 516 1691 ΧΠ.
630 1627 767 1690 His
819 1627 1151 1689 limitibus
1204 1626 1333 1690 hoc
1383 1646 1500 1689 rus
1551 1627 1855 1708 undique
1917 1628 2357 1692 circundatur
2415 1636 2486 1693 et

375 1727 562 1790 intra
609 1727 940 1790 ambitum
988 1744 1191 1789 suum
1226 1727 1481 1791 multas
1511 1727 1717 1790 uillas
1771 1727 2273 1809 complectitur,
2310 1748 2481 1810 qua-

376 1847 526 1890 rum
575 1828 855 1891 nomina
896 1827 1142 1889 incolis
1186 1826 1447 1907 liquido
1492 1827 1903 1890 clarescunt.
2011 1827 2483 1891 Hnutscillinc

374 1935 608 1991 tamen
660 1935 731 1991 et
776 1926 1358 2007 Ceolboldingtun
1401 1927 1568 2007 quia
1617 1926 1813 1989 Edne
1861 1926 2069 1990 uillae
2115 1928 2483 2008 contiguae

373 2048 512 2091 non
578 2034 742 2090 sunt
787 2043 851 2090 c,
898 2026 1322 2090 manentium
1352 2025 1814 2108 quantitatem
1863 2027 2318 2109 perficientes»,
2374 2028 2483 2091 in·

374 2127 721 2190 dumentis
761 2127 927 2189 cleri
957 2126 1448 2202 deseruienteS‚
1482 2145 1622 2189 non
1657 2126 1774 2190 his
1796 2126 2128 2191 limitibus
2161 2128 2282 2191 sed
2320 2148 2479 2210 pro-

373 2228 543 2308 priis
574 2234 645 2290 et
671 2227 844 2290 ratis
878 2227 1185 2290 terminis
1220 2226 1636 2303 ambiuntur,
1671 2234 1803 2289 etc.

484 2330 566 2409 ›1‹
580 2326 733 2408 Ego
754 2326 1093 2390 Eadward
1118 2345 1267 2402 rex,
1293 2324 1469 2388 hanc
1487 2327 2063 2390 restaurationem
2086 2345 2128 2389 a
2151 2346 2258 2389 me
2278 2347 2480 2392 reno-

372 2434 637 2503 uatam‚
668 2427 941 2507 signum
975 2434 1259 2489 sanctae
1288 2427 1510 2488 crucis
1548 2426 1826 2508 propria
1850 2445 2058 2488 manu
2094 2427 2477 2505 scribendO,

372 2527 668 2591 firmani.
770 2528 847 2607 ›1‹
878 2527 1030 2608 Ego
1068 2526 1458 2608 Plegmund
1489 2526 2046 2610 archiepiscopus
2078 2527 2479 2592 mellifluam

371 2628 820 2691 donationem
880 2626 1175 2709 praefati
1223 2627 1405 2708 regis
1469 2628 1843 2709 subscripsi
1905 2647 2062 2690 cum
2119 2628 2477 2709 signaculo

370 2735 657 2790 sanctae
678 2726 922 2790 crucis,
1037 2726 1280 2807 &Ego
1308 2726 1709 2790 Frithestan
1739 2727 2102 2808 episcopus
2127 2746 2283 2790 cum
2313 2748 2477 2792 con-

368 2827 525 2891 silio
577 2826 882 2890 eiusdem
930 2827 1114 2909 regis
1180 2827 1623 2890 corroboraui
1691 2834 1900 2906 atque
1947 2826 2273 2889 consensi·
2323 2847 2478 2892 cum

370 2926 722 3009 triumpho
744 2926 926 3007 regis
951 2926 1235 2991 aeterni.
1300 2929 1377 3008 ›1‹
1393 2926 1546 3007 Ego
1564 2925 1911 3006 Wulfsige
1930 2926 2293 3007 episcopus
2312 2946 2475 2989 con-

370 3026 557 3090 sensi
590 3033 661 3090 et
692 3027 1090 3108 subscripsi.
1239 3026 1483 3107 ›14Ego
1520 3025 1874 3107 Wighelm
1911 3025 2275 3107 episcopus
2312 3045 2477 3090 con-

372 3127 557 3191 sensi
581 3135 654 3190 et
669 3126 1067 3208 subscripsi.
1116 3128 1193 3207 ›1‹
1207 3126 1359 3207 Ego
1374 3124 1755 3189 Ceolmund
1775 3126 2138 3207 episcopus
2161 3128 2476 3190 consensi

374 3233 442 3290 et
490 3226 892 3308 subscripsi.
1030 3228 1107 3307 ›1‹
1131 3225 1283 3307 Ego
1331 3224 1763 3290 AEbelweard
1811 3225 2024 3289 frater
2067 3227 2271 3307 regiS.
2387 3228 2466 3310 ›1‹

374 3326 528 3408 Ego
567 3325 927 3390 AEbelstan
978 3325 1159 3388 filius
1218 3326 1426 3407 regiS.
1541 3327 1620 3409 ›1‹
1663 3327 1817 3407 Ego
1870 3325 2247 3389 AElfweard
2292 3326 2476 3391 filius

371 3426 578 3507 regis,
722 3428 799 3507 ›1‹
864 3426 1016 3511 Ego
1086 3425 1339 3489 Ordlaf
1389 3426 1557 3489 dux.
1688 3427 1767 3509 ›1‹
1811 3425 1963 3506 Ego
2020 3424 2243 3489 Osred
2307 3427 2473 3492 dux,

382 3525 461 3607 ›1‹
505 3526 660 3606 Ego
723 3525 1100 3589 Beorhtuls
1149 3526 1316 3589 duX.
1438 3528 1515 3607 ›1‹
1558 3525 1713 3607 Ego
1772 3525 2047 3607 Ordgar
2105 3525 2273 3589 dux.
2386 3528 2465 3610 ›1‹

374 3626 527 3707 Ego
562 3623 915 3688 Heahferb
965 3625 1127 3688 dux.
1246 3628 1323 3707 ›1‹
1369 3626 1524 3707 Ego
1569 3625 1852 3691 Werulf
1885 3626 2268 3709 presbyter.
2385 3628 2464 3710 ›1‹

375 3723 527 3806 Ego
594 3724 955 3789 AEbelstan
1017 3728 1399 3809 presbyter.
1516 3727 1596 3809 ›1‹
1650 3725 1804 3807 Ego
1840 3727 2233 3792 Beornstan
2281 3745 2474 3808 pres-

373 3825 594 3906 byter.
727 3827 804 3906 ›1‹
847 3826 1000 3906 Ego
1051 3825 1390 3889 Ealhstan
1425 3827 1832 3909 presbyter.
1950 3828 2027 3907 ›1‹
2073 3826 2474 3891 Deormund

374 3925 706 3988 minister.
823 3927 900 4006 ›1‹
938 3924 1342 3989 Wihtbrord
1393 3927 1728 3989 minister.
1862 3928 1939 4007 ›1‹
1985 3925 2187 3989 odda
2237 3926 2476 3991 minis·

375 4031 498 4088 ter.
617 4026 694 4105 ›1‹
726 4024 1055 4088 AElfwold
1100 4025 1426 4088 minister.
1545 4027 1622 4106 ›1‹
1658 4025 1926 4088 AElfred
1961 4025 2296 4089 minister.
2385 4026 2464 4108 ›1‹

375 4124 735 4188 AEbeluuls
756 4124 1086 4188 minister.
1204 4123 1679 4206 ›14AE5elferth
1709 4125 2041 4188 minister.
2133 4123 2474 4204 ›1⁴AElfric

373 4224 704 4289 minister.
821 4225 898 4304 ›1‹
927 4223 1314 4289 Wul'fhelm
1365 4224 1698 4288 minister.
1831 4226 1908 4305 ›1‹
1944 4223 2107 4286 Uffa
2139 4223 2472 4286 minister.
