3044 5019
618 428 746 492 138
1114 443 1458 492 CHARTAE
1511 443 2195 494 AnonosAxochn.

1410 696 1922 763 cccxxxl.

901 847 942 889 *
990 819 1569 911 EEDWEARD
1620 846 1749 911 OF
1793 846 2230 925 WESSEX,
2272 847 2424 912 901.

723 996 801 1076 ›1‹
844 994 936 1057 ΙΝ
965 993 1243 1058 nomine
1273 995 1440 1059 almi
1469 1001 1542 1058 et
1572 994 1724 1057 aiae
1750 993 2060 1076 sophiae,
2098 993 2221 1075 qui
2247 992 2720 1057 monarchiam

611 1094 847 1156 mundi
913 1094 1127 1158 totius
1174 1112 1256 1157 ac
1315 1093 1792 1158 celsitudinem
1847 1093 2219 1169 coelorum,
2271 1092 2717 1174 abditamque

610 1192 1152 1275 profunditatem
1181 1195 1529 1275 turgentis
1572 1194 1815 1257 oceani
1858 1194 2064 1256 minis
2095 1192 2327 1256 omnia
2354 1212 2513 1256 cum
2546 1211 2717 1257 suae

608 1293 992 1356 maiestatis
1011 1293 1299 1375 imperio
1324 1299 1583 1370 tranat,
1606 1294 1725 1374 qui
1748 1291 2219 1375 imprimordio
2241 1291 2477 1355 mundi
2498 1312 2717 1374 quae-

606 1411 902 1473 cumque
935 1393 1220 1469 creauit,
1261 1412 1445 1456 nunc
1493 1398 1564 1456 et
1605 1392 1677 1455 in
1711 1412 1960 1455 aeuum
2005 1393 2345 1473 gubernat
2397 1398 2468 1455 et
2506 1391 2715 1473 regit,

609 1510 915 1553 summus
943 1498 1166 1574 pater,
1200 1493 1634 1574 omnipotens
1669 1484 1875 1555 deus!
1970 1491 2211 1555 Status
2239 1490 2443 1554 huius
2471 1492 2716 1556 mundi

604 1591 677 1653 in
698 1590 1070 1654 uelocitate
1098 1591 1394 1669 deficiet,
1420 1598 1491 1655 et
1520 1592 1820 1655 rotunda
1843 1591 2276 1654 saeculorum
2302 1590 2711 1655 uolubilitas

606 1688 929 1766 facessat,
959 1690 1059 1753 sic
1090 1690 1495 1755 alternando
1526 1697 1999 1754 creaturarum
2025 1691 2326 1772 qualitas
2354 1689 2715 1768 decrescit,

607 1789 709 1852 sic
771 1791 1103 1854 mutando
1164 1790 1477 1854 mortalis
1536 1790 1725 1854 uitae
1785 1789 2128 1871 fragilitas
2184 1789 2485 1854 facessit.
2598 1790 2712 1853 De

605 1907 749 1971 qua
764 1890 1147 1953 miserrima
1163 1889 1445 1953 humani
1461 1896 1687 1953 status
1710 1889 2183 1953 uicissitudine
2204 1886 2711 1952 Aecclesiastes

606 1988 888 2051 coelesti
934 1987 1207 2052 afflatus
1265 1988 1511 2071 spiritu
1565 1994 2044 2071 conpetentem
2091 1989 2382 2070 protulit
2431 1994 2709 2051 senten-

605 2085 797 2163 tiam,
822 2085 1225 2164 GeneratiO,
1252 2087 1520 2169 inquid,
1561 2087 1755 2151 uenit
1786 2094 1858 2151 et
1886 2087 2242 2169 generatio
2263 2086 2478 2150 uadit.
2558 2085 2709 2151 Ani

604 2192 984 2249 nascuntur
1001 2193 1072 2250 et
1094 2186 1214 2249 alii
1243 2187 1650 2250 moriuntur.
1725 2187 1841 2250 Ita
1862 2187 2189 2251 uniuersa
2209 2185 2502 2250 facultas
2526 2185 2704 2249 diui-

603 2284 882 2362 tiarum,
930 2293 1001 2349 et
1027 2286 1428 2367 temporalis
1475 2304 1691 2367 gazae
1734 2287 2106 2368 possessio,
2156 2305 2338 2368 quae
2384 2303 2704 2367 praeces-

602 2403 836 2448 sorum
898 2384 1111 2448 anxia
1165 2385 1559 2449 sollicitudo
1597 2406 1725 2468 pro
1768 2384 2114 2449 indefesso
2159 2385 2472 2448 laborum
2516 2404 2702 2449 emo-

601 2483 909 2548 lumento
951 2483 1283 2561 lucratur,
1335 2504 1462 2567 pro
1492 2485 1689 2550 dolor
1717 2485 1997 2549 incertis
2027 2484 2457 2561 haeredibus,
2487 2483 2701 2548 inter-

600 2584 763 2646 dum
797 2584 1057 2665 optatis
1089 2584 1436 2648 interdum
1466 2585 1724 2662 exosiS,
1755 2586 2166 2667 relinquitur
2194 2606 2213 2663 3
2259 2585 2701 2667 quemadmo-

600 2682 764 2746 dum
800 2682 1162 2764 psalmista
1202 2685 1638 2767 inprouidam
1680 2684 1963 2748 humani
2015 2685 2287 2766 generis
2316 2683 2702 2749 socordiam

600 2801 1069 2864 conquaerens
1117 2783 1507 2867 increpitet,
1556 2785 1813 2862 dicenS,
1844 2783 2300 2848 Thesaurizat
2327 2790 2398 2847 et
2425 2783 2705 2865 ignorat

601 2882 712 2944 cui
760 2891 1139 2965 congregat
1172 2904 1275 2948 ea.
1370 2883 1541 2947 Ideo
1587 2891 1750 2948 sunt
1792 2903 2031 2948 omnes
2075 2888 2353 2948 nostrae
2387 2883 2600 2947 series
2634 2890 2705 2947 et

598 2983 1202 3047 sermocinationes
1249 2984 1604 3047 literarum
1663 2984 1976 3065 apicibus
2031 2982 2564 3058 confirmandae,
2616 3001 2703 3045 ne

599 3101 926 3163 umquam
976 3083 1123 3146 ulla
1152 3082 1497 3146 obliuione
1533 3081 1925 3159 tradantur,
1956 3081 2077 3146 sed
2109 3083 2331 3164 magis
2365 3087 2705 3164 perpetua

598 3188 966 3244 seruantur
1027 3183 1356 3245 memoria
1418 3181 1745 3263 quicquid
1812 3201 2010 3263 reges
2072 3201 2154 3245 ac
2211 3181 2701 3264 praecedentes

596 3287 830 3360 patres
873 3280 1159 3344 firmiter
1201 3281 1680 3363 stabiliterque
1726 3281 2278 3361 constituerunt3
2325 3299 2466 3362 qua
2509 3280 2595 3343 de
2626 3300 2701 3343 re

595 3398 725 3460 ego
759 3380 1132 3443 Eaduuard
1168 3380 1405 3443 diuino
1443 3380 1661 3444 fultus
1708 3379 2037 3461 suffragio
2069 3378 2311 3461 Angul
2342 3380 2700 3444 Saxonum

595 3498 743 3555 rex,
773 3480 942 3543 haec
970 3479 1044 3542 in
1062 3499 1218 3542 mea
1245 3480 1481 3543 sedule
1506 3486 1734 3542 mente
1764 3486 2174 3556 retractanS,
2202 3479 2505 3560 aliquam
2536 3498 2697 3560 par-

595 3586 733 3642 tem
763 3580 933 3643 iuris
965 3580 1123 3656 mei,
1170 3598 1324 3643 meo
1368 3579 1553 3642 fideli
1596 3579 1914 3643 ministro
1959 3580 2233 3643 nomine
2264 3577 2696 3656 Wihtbrord,

592 3698 718 3759 pro
765 3680 911 3742 eius
953 3679 1231 3741 amabili
1277 3678 1704 3742 subiectione
1745 3685 1954 3761 atque
2007 3678 2330 3741 beniuola
2374 3677 2696 3741 obedien-

592 3778 715 3854 tia,
748 3797 904 3840 cum
950 3788 1290 3841 consensu
1323 3778 1822 3859 episcoporum,
1868 3777 2116 3841 ducum
2150 3778 2695 3859 optimatumque

593 3895 923 3952 meorum,
990 3877 1233 3940 libenti
1298 3877 1527 3941 animo
1586 3879 1660 3941 in
1723 3884 2126 3960 perpetuam
2189 3876 2691 3958 possessionem

587 3976 990 4056 firmamque
1049 3975 1544 4040 haereditatem
1613 3983 1821 4057 atque
1881 3975 2259 4039 durabilem
2311 3975 2693 4038 concedens

585 4075 880 4151 donabo,
925 4082 1180 4138 terram
1221 4092 1269 4137 x
1309 4083 1762 4151 cassatorum,
1803 4075 1876 4138 in
1919 4075 2073 4139 loco
2118 4074 2239 4156 qui
2289 4093 2333 4140 a
2378 4073 2691 4138 ruricolis

589 4175 1019 4239 Fobbefunte
1051 4175 1446 4239 nominatur
1466 4196 1483 4255 ;
1512 4183 1594 4239 ut
1617 4175 1871 4239 habeat
1893 4182 1964 4238 et
1985 4174 2340 4258 possideat
2363 4174 2691 4256 quamdiu
