3044 5019
839 447 1183 496 cHAR'rAn
1229 446 1913 494 ANcmsAxochn.
2296 428 2426 492 287

312 605 634 668 minister
663 603 927 666 inutilis
974 603 1180 665 finem
1210 622 1495 667 cernens
1543 604 1677 667 mei
1712 604 2075 686 propositi,
2107 603 2196 667 ob
2227 603 2422 666 cuius

316 705 419 768 rei
452 705 753 786 gratiam
799 710 1154 766 aeternum
1194 703 1395 767 deum
1451 704 1661 767 laudo
1706 725 1830 786 per
1872 705 2126 780 omnia,
2160 710 2230 766 et
2260 703 2423 766 licet

314 824 473 868 sero
500 805 785 868 ueniens
830 804 957 866 sub
1005 803 1245 865 habitu
1293 804 1706 880 monachali,
1746 812 1817 869 et
1862 805 2089 868 animo
2123 803 2421 866 contrito

319 906 487 985 iugo
533 904 838 985 regulari
888 903 1224 984 meipsum
1272 904 1581 980 submisi,
1627 910 1705 966 ut
1753 904 2000 967 saltem
2042 905 2140 966 sic
2184 921 2422 965 senec-

318 1005 494 1067 tutis
531 1023 724 1067 meae
761 1004 984 1066 faeces
1018 1004 1309 1066 creatori
1342 1024 1493 1067 meo
1529 1023 1740 1085 cogar
1772 1004 2145 1067 immolare.
2215 1002 2422 1081 Mag-

320 1103 561 1166 nificat
592 1123 757 1184 ergo
792 1104 1023 1166 anima
1052 1121 1206 1165 mea
1254 1103 1628 1178 dominum,
1670 1109 1739 1165 et
1780 1123 1909 1166 uos
1946 1103 2193 1166 fratres
2227 1121 2420 1181 mag-

321 1203 600 1267 nificate
652 1203 1003 1266 dominum
1051 1222 1340 1280 mecum,
1384 1210 1464 1266 ut
1505 1205 1579 1265 in
1624 1203 1993 1267 sanctitate
2040 1210 2111 1265 et
2153 1201 2423 1263 iustitia

323 1322 556 1367 coram
629 1305 781 1384 ipso
851 1302 1253 1378 seruienteS,
1325 1323 1731 1385 semperque
1806 1302 2043 1366 mundi
2114 1301 2424 1382 principe

320 1401 747 1483 triumphato
800 1404 899 1467 sic
951 1421 1306 1466 curramus
1369 1404 1442 1467 in
1499 1404 1882 1484 praesentis
1934 1404 2123 1465 uitae
2172 1400 2423 1475 stadio,

322 1511 403 1566 ut
431 1503 504 1565 in
536 1502 772 1566 futuro
813 1502 900 1565 ad
942 1501 1217 1565 diuinae
1253 1503 1745 1584 speculationis
1798 1503 2117 1565 brauium
2163 1501 2424 1582 pertin—

322 1622 486 1683 gere
516 1622 920 1665 mereamur.
1029 1599 1272 1666 Amen.

1144 1897 1628 1961 ccccxxl.

1069 2016 1504 2124 ΕᾸΒΒΕΙ),
1547 2046 1700 2113 948.

438 2199 516 2279 >1⁴
554 2197 644 2260 IN
694 2197 968 2261 nomine
1017 2197 1180 2260 almi
1237 2203 1307 2259 et
1360 2197 1516 2277 agie
1583 2197 1846 2278 sophie.
1956 2195 2096 2273 Qui
2151 2217 2423 2261 monar-

319 2297 548 2361 chiam
583 2298 816 2360 mundi
851 2299 1064 2362 totius
1100 2317 1180 2360 ac
1230 2296 1704 2359 celsitudinem
1755 2296 2018 2360 coelorii
2051 2298 2420 2410 abditamq.

321 2396 867 2478 profunditatem
926 2397 1269 2478 turgentis
1318 2397 1559 2459 oceani
1608 2398 1680 2459 in
1737 2396 1899 2460 altis
1960 2402 2030 2458 et
2089 2397 2161 2459 in
2214 2397 2420 2460 imis,

323 2516 488 2561 oma
541 2517 697 2561 cum
762 2517 906 2560 suae
959 2497 1364 2579 magestatis
1416 2497 1700 2579 imperio
1751 2517 1933 2560 nunc
1979 2503 2048 2560 et
2099 2497 2171 2559 in
2221 2515 2424 2561 cuum

323 2599 715 2678 gubernat.
752 2617 878 2661 ceu
933 2597 1281 2679 pupillarii
1333 2597 1617 2660 obtutus
1662 2619 1705 2683 p
1751 2597 2113 2679 triquadru
2165 2565 2425 2660 mundii

322 2697 576 2760 cotidie
610 2698 913 2761 cernitur
947 2718 1028 2761 ac
1062 2696 1504 2761 manifestata
1537 2698 1739 2777 signa
1782 2696 2219 2760 declarantur
2251 2717 2422 2779 quo-

320 2764 569 2859 modo
585 2798 1008 2861 transeuntis
1072 2796 1310 2859 mundi
1375 2796 1780 2859 uicissitudo
1832 2796 2174 2859 diuturnis
2230 2797 2418 2860 horis

321 2897 694 2961 crescendo
729 2898 1107 2961 decrescit.
1142 2903 1212 2959 et
1246 2896 1640 2977 ampliando
1683 2896 2056 2959 minuatur.
2159 2896 2424 2959 Tamen

324 3009 547 3083 supno
612 2996 767 3060 sulti
830 2997 1246 3060 adminiculo
1329 2996 1581 3082 psequi
1641 2994 2028 3075 indigemus
2096 2994 2183 3057 ad
2253 2996 2417 3058 alta.

327 3095 546 3159 Cuius
577 3096 838 3160 scilicet
865 3097 1154 3160 feruoris
1197 3097 1357 3177 igne
1405 3113 1775 3158 succensus
1813 3142 1828 3157 .
1867 3094 2018 3175 Ego
2047 3094 2381 3158 eadredus
2403 3141 2419 3156 .

325 3196 635 3258 basileus
688 3195 980 3277 anglorfi
1021 3203 1472 3276 ceterarumq:
1532 3193 1772 3276 gentifi
1809 3194 1881 3256 in
1922 3194 2212 3258 circuitu
2263 3215 2420 3276 per—

326 3295 650 3358 sistentiii
685 3296 1104 3376 gubernator
1142 3303 1212 3359 et
1256 3301 1485 3358 rector
1517 3296 1653 3358 sc'ae
1698 3292 1767 3357 di
1814 3293 2023 3358 ecclae
2069 3303 2424 3359 uuentana

328 3395 615 3458 ciuitate
672 3395 877 3458 beato
935 3403 1133 3477 petro
1205 3394 1450 3477 apiorii
1521 3394 1817 3475 principi
1881 3395 2097 3476 eiusq:
2177 3393 2424 3476 coapio

324 3494 537 3575 paulo
590 3541 607 3557 .
656 3496 744 3558 ob
814 3496 1217 3558 reuerentiae
1288 3494 1621 3558 trinitatis
1685 3493 1944 3558 honore
2007 3541 2022 3556 .
2075 3493 2424 3575 aelfheago

329 3593 639 3670 eiusdem
688 3594 871 3657 sedis
926 3594 1250 3676 pontifice
1305 3595 1720 3674 impetrante
1767 3594 1872 3656 uti
1927 3593 2312 3676 cyneuualh
2353 3595 2427 3656 in

328 3694 615 3757 exordio
660 3691 915 3781 xpiane
949 3694 1302 3775 religionis
1343 3694 1477 3756 diio
1514 3694 1635 3757 n‘i‘o
1669 3691 1792 3755 ihu
1835 3691 1972 3780 xpo
2009 3694 2227 3775 eiusq.
2272 3714 2425 3775 pre—

330 3794 704 3857 nominatis
774 3793 956 3876 aplis
1021 3794 1314 3857 deuotus
1390 3800 1829 3857 concesserat
1865 3840 1880 3856 .
1927 3812 2426 3875 successoresq:

331 3893 440 3955 sui
481 3940 495 3955 .
517 3894 876 3978 cyneuulf.
911 3901 982 3956 et
1036 3893 1348 3975 egcbriht
1396 3913 1597 3972 reges
1635 3941 1649 3956 .
1689 3893 1858 3955 ratis
1910 3893 2274 3956 territoriis
2320 3914 2427 3956 re-

334 3993 653 4056 nouando
705 4013 860 4057 cum
915 3992 1117 4075 signo
1169 3994 1393 4056 crucis
1458 3992 1694 4055 itidem
1749 3993 2280 4055 confirmauerat
2342 4011 2426 4056 .G.

333 4111 613 4155 mansas
641 4141 656 4157 .
681 4095 754 4156 in
790 4093 1101 4157 duntune
1136 4100 1206 4156 et
1239 4093 1310 4154 in
1345 4092 1801 4155 eblesburnan
1838 4109 1971 4155 ΑΝ.
2004 4092 2430 4155 uidelicet-in

334 4192 643 4255 duntune
672 4242 687 4257 .
713 4200 784 4257 et
817 4210 986 4256 XLV.
1019 4194 1089 4257 in
1120 4192 1575 4256 eblesburnan
1610 4240 1624 4254 .
1650 4190 2075 4254 restituendo
2109 4191 2292 4272 quod
2325 4192 2430 4253 in-
