3044 5019
848 409 1191 458 cHAR‘rAE
1238 396 1920 457 A'NcLosAonchE.
2285 394 2414 457 127

307 567 646 633 newulfus
668 567 1161 632 Wentanensis
1191 568 1379 632 urbis
1408 569 1772 651 episcopus
1811 562 2116 631 assentio
2145 576 2217 632 et
2246 558 2409 633 con-'

309 670 537 732 scribo
560 671 673 751 ᾧ.
781 669 933 750 Ego
964 668 1403 748 AEgelmerus
1443 667 1897 733 cicestrensis
1951 668 2259 733 minister
2297 689 2408 733 as-

309 788 590 833 sensum
619 771 918 852 praebeo
949 776 1020 832 et
1037 769 1392 832 subscribo
1415 772 1492 851 *1⁴
1511 817 1527 833 .
1621 768 1773 850 Ego
1802 767 2157 831 Eadredus
2188 768 2412 854 Norp-

308 870 653 953 wycensis
708 870 1020 932 minister
1075 870 1431 933 consentio
1492 876 1564 933 et
1612 869 1887 949 signum
1929 869 2149 932 crucis
2197 888 2412 952 appo-

308 990 400 1033 no
437 970 545 1050 νΧε.
653 969 805 1051 Ego
831 968 1187 1033 Haroldus
1221 968 1741 1033 Dorcestrensis
1778 968 2100 1032 minister
2124 988 2410 1033 consen—

308 1070 407 1133 tio
440 1076 513 1133 et
544 1069 899 1133 subscribo
930 1072 1007 1151 *1⁴
1024 1116 1040 1132 .
1147 1068 1299 1150 Ego
1332 1068 1775 1132 Grimbaldus
1822 1068 2137 1132 sacerdos
2171 1069 2259 1132 ad
2290 1070 2414 1133 ho-

309 1186 551 1233 norem
575 1169 708 1233 Dei
731 1169 1085 1234 consentio
1116 1175 1187 1231 et
1219 1169 1494 1249 signum
1524 1169 1748 1233 crucis
1776 1188 2051 1250 appono
2086 1171 2192 1250 ³1⁴.
2260 1169 2414 1250 Ego

310 1269 662 1334 Iohannes
694 1270 911 1333 abbas
960 1269 1234 1350 signum
1285 1270 1506 1333 crucis
1552 1272 1950 1351 apponoffl.
2077 1267 2230 1349 Ego
2277 1268 2415 1331 Ea·

309 1369 562 1432 dredus
602 1388 835 1451 comes
870 1369 1225 1432 consentio
1255 1377 1325 1433 et
1358 1370 1716 1433 subscribo
1749 1370 1855 1449 »1«.
1960 1367 2112 1448 Ego
2145 1368 2414 1432 AEthel-

179 1487 187 1495 ·
313 1468 515 1532 redus
547 1468 941 1532 Gainorum
965 1469 1109 1531 dux
1140 1469 1494 1533 subscribo
1517 1472 1624 1551 q«.
1733 1469 1886 1550 Ego
1922 1466 2277 1550 AElswyba
2312 1488 2417 1531 re-

312 1570 473 1649 gina
512 1570 876 1633 consentio
919 1576 991 1633 et
1021 1570 1376 1633 subscribo
1411 1573 1517 1652 q«.
1628 1568 1780 1649 Ego
1822 1566 2225 1632 AEbelredus
2272 1568 2417 1631 dux

317 1669 736 1734 Merciorum
767 1669 1124 1734 consentio
1160 1676 1231 1732 et
1260 1669 1613 1733 subscribo
1643 1671 1720 1750 »Β
1738 1717 1753 1731 .

1130 1966 1641 2032 CCCXXIII.

738 2114 1025 2180 DUKE
1070 2114 1773 2195 AETHELUULF,
1818 2116 1970 2182 897.

425 2271 502 2350 »Β
550 2265 772 2331 ANNo
822 2265 1203 2330 dominicae
1246 2266 1741 2330 incarnationis
1779 2282 2246 2329 .Dccc‚xcvl1.
2315 2266 2420 2327 in-

316 2367 619 2431 dictione
676 2385 845 2430 uero
885 2413 901 2429 .
925 2383 1050 2430 xv,
1108 2387 1190 2430 eo
1242 2386 1425 2429 anno
1478 2366 1770 2446 contigit
1829 2364 2010 2447 quod
2060 2362 2433 2428 Aeffieluulf

312 2466 732 2531 uenerabilis
773 2466 920 2530 dux
964 2466 1283 2531 recitauit
1325 2474 1395 2531 et
1425 2466 1880 2548 inuestigauit
1929 2465 2422 2530 haereditarios

316 2568 532 2631 libros
553 2566 871 2631 Cenuulfi
903 2568 1110 2647 regiS,
1133 2568 1295 2631 etin
1327 2567 1708 2649 priuilegiis
1741 2567 1926 2630 illius
1953 2568 2282 2649 scriptum
2316 2566 2423 2629 in-

315 2668 665 2743 ueniebat,
684 2665 869 2749 quod
899 2666 1129 2729 nullus
1148 2666 1390 2731 haeres
1419 2675 1578 2749 post
1599 2687 1753 2730 eum
1773 2667 2117 2731 licentiam
2142 2667 2424 2730 haberet

319 2767 818 2831 haereditatem
867 2765 1184 2831 Cenuulfi
1218 2787 1395 2849 quae
1437 2768 1735 2849 pertinet
1782 2767 1869 2830 ad
1904 2767 2422 2830 Wincelcumbe

319 2867 528 2931 alicui
560 2867 913 2930 hominum
950 2866 1226 2948 longius
1271 2866 1663 2931 donandam
1706 2867 1819 2929 uel
1862 2866 2419 2930 conscribendam

318 2987 530 3050 quam
563 2966 707 3029 dies
756 2965 962 3028 unius
1013 2966 1344 3047 hominis3
1398 2967 1517 3030 sed
1573 2968 1633 3030 si
1682 2966 1837 3047 quis
1885 2966 2016 3029 hoc
2056 2967 2423 3029 obseruare

319 3068 659 3130 noluisset
707 3066 821 3129 uel
865 3068 1232 3145 contraire,
1274 3068 1551 3149 longius
1593 3065 1893 3150 spatium
1937 3064 2274 3142 addendo,
2308 3085 2422 3128 co-

320 3174 529 3230 natus
587 3166 851 3241 suisset,
900 3167 1107 3231 sciret
1158 3187 1234 3231 se
1287 3166 2009 3231 anathematizandum
2063 3184 2237 3242 esse,
2293 3166 2425 3227 nisi

322 3268 541 3348 digna
593 3266 1064 3330 satisfactione
1112 3267 1531 3330 emendaret.
1625 3264 1899 3330 Accidit
1964 3272 2195 3329 autem
2261 3273 2424 3329 tunc

322 3368 513 3434 inter.
551 3366 724 3430 alias
772 3366 1178 3444 locutioneS‚
1234 3367 1416 3449 quod
1471 3363 1843 3429 Aebeluulf
1882 3366 2291 3447 loquebatur
2343 3366 2428 3428 de

323 3466 445 3529 illa
501 3474 687 3530 terra
730 3484 908 3548 quae
960 3467 1353 3548 appellatur
1400 3466 1752 3548 Inuptune
1801 3514 1815 3527 .
1840 3482 1884 3526 v
1908 3513 1921 3528 .
1978 3466 2426 3542 manentium,

323 3566 410 3629 ad
470 3564 832 3629 Uullafum
887 3566 1005 3645 qui
1070 3574 1237 3630 tunc
1288 3585 1437 3629 eam
1492 3564 1911 3648 possidebat,
1966 3565 2288 3646 quoniam
2344 3567 2428 3629 de

324 3664 750 3729 haereditate
812 3665 1029 3747 ipsius
1087 3665 1402 3729 Cenuulfi
1455 3665 1606 3729 fuit.
1730 3665 1930 3728 Tunc
1985 3666 2102 3728 ille
2153 3666 2427 3730 dicebat

326 3765 514 3847 quod
581 3761 938 3849 Cyneffiryffi
1006 3766 1190 3847 patri
1252 3785 1378 3829 suo
1437 3766 1628 3830 illam
1695 3771 1948 3829 terram
2014 3765 2159 3829 dies
2222 3767 2430 3830 trium

326 3864 681 3929 hominum
712 3864 1062 3942 donasset,
1092 3872 1164 3929 et
1196 3866 1471 3929 AElflaed
1509 3865 1640 3929 sibi
1692 3872 1938 3946 postea
1982 3866 2191 3928 trium
2236 3867 2430 3930 addi-

327 3965 580 4051 disset3
627 3963 749 4028 sed
789 3962 1125 4032 Aeffielred
1178 3972 1248 4029 et
1284 3966 1386 4029 illi
1429 3984 1667 4028 omnes
1704 3965 2216 4041 adiudicabant‚
2249 3967 2432 4047 quod

324 4064 446 4127 illa
479 4065 764 4129 donatio
796 4065 997 4129 aliter
1028 4072 1214 4128 stare
1245 4085 1383 4128 non
1416 4073 1676 4148 posset,
1699 4066 1831 4132 nisi
1863 4066 2065 4130 sicuti
2100 4066 2170 4126 in
2192 4064 2432 4126 diebus

332 4163 648 4229 Cenuulfi
674 4164 1128 4229 constitutum
1152 4173 1321 4229 erat.
1372 4166 1570 4228 Tunc
1603 4163 1720 4228 ille
1750 4166 2142 4246 praedictus
2166 4162 2444 4224 Wullaf
