3044 5019
552 399 685 463 378
1060 413 1406 464 onARrAn
1450 411 2142 462 AncnosAxomoAss.

554 590 709 634 cum
769 589 898 634 sua
964 570 1259 651 coniuge
1314 569 1858 634 luculentissime
1920 569 2302 634 constituit.
2413 568 2556 648 Qui
2616 594 2669 657 p

553 669 752 733 dolor
796 669 1243 733 daemoniaco
1288 669 1657 734 instinctus
1706 669 2080 751 spiramine
2126 667 2257 732 sibi
2304 688 2389 731 ac
2427 676 2669 751 poste-

553 768 650 831 ris
693 769 768 832 in
811 769 941 832 hoc
996 787 1411 851 erumpnoso
1469 768 1777 833 deiectus
1824 767 2084 832 saeculo
2120 775 2414 833 mortem
2464 790 2668 856 ‚pme-

554 868 696 932 ruit
716 875 1148 951 perpetuam.
1198 867 1429 947 Quam
1463 869 1552 932 ob
1579 888 1723 931 rem
1748 887 1885 948 lego
1918 867 2205 949 Eadgar
2237 869 2459 933 totius
2492 869 2668 934 brit-

554 968 834 1032 tanniae
878 968 1300 1051 gubernator
1329 974 1399 1032 et
1429 973 1659 1031 rector
1693 967 1813 1031 uni
1849 973 2164 1030 matrone
2208 968 2324 1031 cui
2356 970 2670 1033 uocabu-

549 1066 694 1130 lum
742 1075 930 1133 certa
986 1067 1477 1149 astipulatione
1520 1060 1711 1153 pfert
1742 1063 2068 1130 aesselfiaed
2097 1114 2114 1130 .
2146 1067 2501 1149 quandam
2535 1067 2667 1133 tel-

549 1166 722 1230 luris
783 1166 1206 1254 particulam
1245 1182 1395 1230 Nn.
1440 1165 1765 1229 uidelicet
1815 1183 2095 1229 mansas
2151 1166 2537 1231 liberaliter
2591 1168 2665 1231 in

550 1273 882 1330 aeternam
933 1266 1162 1332 tribuo
1206 1265 1712 1348 possessionem
1757 1264 1878 1330 illo
1923 1265 1996 1327 in
2047 1264 2203 1329 loco
2248 1266 2369 1329 ubi
2403 1286 2450 1329 a
2479 1267 2663 1331 ruri-

549 1366 720 1429 colis
767 1365 1147 1447 uulgariter
1202 1363 1713 1447 Ceorleswyrlie
1738 1411 1755 1428 .
1790 1363 2139 1447 prolatum
2175 1372 2282 1429 est
2315 1385 2476 1429 cum
2513 1386 2662 1430 om-

548 1464 752 1528 nibus
816 1465 903 1529 ad
971 1464 1256 1528 eandem
1321 1471 1577 1528 terram
1655 1464 1788 1527 rite
1857 1465 2362 1546 pertinentibus
2436 1466 2664 1547 pratis

547 1562 871 1630 uidelicet
935 1564 1199 1646 campis
1280 1562 1559 1646 pascuis
1627 1561 1827 1626 siluis
1862 1611 1880 1627 .
1915 1570 1985 1627 et
2054 1571 2215 1646 post
2278 1583 2429 1629 suae
2489 1565 2661 1630 uitae

547 1664 917 1727 terminum
982 1663 1216 1727 heredi
1263 1661 1376 1728 cui
1423 1662 1727 1726 uoluerit
1782 1662 2242 1745 derelinquat.
2363 1664 2475 1727 Sit
2530 1685 2659 1729 au-

546 1769 686 1826 tem
750 1762 1110 1846 praedictii
1171 1782 1290 1826 rus
1343 1760 1530 1825 omni
1584 1769 1857 1827 terrene
1922 1763 2281 1827 seruitutis
2343 1762 2517 1845 iugo
2572 1764 2659 1828 li-

544 1862 784 1925 berum
818 1863 1038 1928 tribus
1083 1861 1394 1943 exceptis
1435 1867 1595 1926 rata
1635 1861 1962 1926 uidelicet
2006 1862 2451 1944 expeditione
2478 1882 2662 1945 pon-

545 1960 636 2023 tis
693 1962 961 2025 arcisue
1013 1962 1541 2025 restauratione.
1647 1961 1722 2025 Si
1774 1960 1931 2044 quis
1987 1981 2157 2025 uero
2221 1962 2403 2026 hanc
2460 1963 2658 2027 niam

544 2059 986 2124 donationem
1049 2060 1122 2123 in
1189 2059 1374 2123 aliud
1442 2080 1650 2143 quam
1726 2060 2211 2146 constituimus
2275 2062 2658 2127 transferre

543 2157 845 2223 uoluerit
893 2206 910 2223 .
962 2159 1057 2223 sit
1118 2158 1268 2241 ipse
1336 2166 1747 2241 segregatus
1825 2179 1870 2223 a
1952 2159 2304 2225 consortio
2384 2164 2504 2226 sce
2584 2162 2658 2227 di

543 2257 835 2324 aeclesiae
883 2278 1011 2324 nec
1060 2278 1197 2322 non
1249 2265 1320 2322 et
1366 2278 1409 2322 a
1454 2259 1934 2323 communione
1995 2260 2303 2323 omnium
2341 2260 2656 2327 fidelium

540 2357 676 2421 nisi
723 2360 915 2442 prius
961 2358 1072 2423 hic
1130 2364 1293 2421 ante
1345 2358 1539 2422 obitu
1595 2359 1727 2421 suii
1786 2378 1945 2423 reus
1985 2360 2410 2442 poenituerit
2463 2363 2654 2445 quod

537 2464 781 2523 contra
842 2460 1038 2524 nium
1118 2457 1424 2541 deliquid
1497 2457 1873 2524 decretum.
1994 2458 2133 2523 His
2205 2460 2437 2538 metis,
2513 2468 2653 2527 etc.

541 2556 748 2621 Anno
802 2557 1185 2623 dominicae
1231 2550 1736 2622 ¹incarnationis
1781 2575 2188 2623 ncccchxn.
2231 2561 2497 2642 scripta
2544 2569 2655 2627 est

538 2656 710 2720 haec
750 2666 946 2723 carta
987 2657 1095 2720 his
1139 2659 1434 2722 testibus
1477 2658 2067 2747 consentientibus
2101 2663 2328 2742 quorii
2358 2660 2652 2726 inferius

537 2758 817 2825 nomina
842 2750 1112 2824 notan't'.

645 2859 724 2940 »Β
768 2861 922 2944 Ego
957 2855 1217 2937 eadgar
1244 2877 1370 2921 rex
1400 2857 1764 2937 anglorum
1797 2857 2108 2921 concessi

643 2958 722 3039 »Β
763 2962 919 3043 Ego
951 2958 1255 3021 dunstan
1285 2953 1594 3042 archieps
1623 2957 2068 3021 corroboraui

643 3059 722 3140 »Β
763 3062 920 3143 Ego
954 3056 1218 3137 oscytel
1256 3053 1566 3141 archieps
1601 3055 2006 3119 confirmaui

643 3159 722 3240 »Β
763 3161 919 3239 Ego
947 3154 1142 3218 osulf
1157 3153 1275 3242 eps
1303 3154 1733 3219 consolidaui

641 3257 720 3338 ›1‹
765 3259 920 3340 Ego
945 3252 1289 3334 byrhtelm
1320 3252 1438 3340 eps
1470 3254 1792 3318 consensi

641 3357 720 3438 »Β
767 3359 920 3440 Ego
957 3349 1287 3417 aiSelwold
1323 3354 1457 3417 ab‘b
1694 3355 1773 3436 »Β
1822 3353 1974 3434 Ego
2011 3353 2258 3435 aelfgar
2286 3353 2352 3418 fii

591 3458 593 3461 ’
640 3458 720 3536 >1⁴
761 3460 917 3540 Ego
953 3450 1242 3517 aelfhere
1276 3453 1423 3517 dux
1692 3455 1771 3536 ›1‹
1816 3453 1968 3534 Ego
2003 3452 2299 3516 aelfwine
2330 3453 2399 3516 ffi

638 3554 717 3635 »Β
763 3558 919 3638 Ego
950 3551 1251 3617 aelfheah
1280 3552 1425 3616 dux
1696 3555 1775 3636 ›1‹
1820 3552 1969 3633 Ego
2003 3551 2357 3634 byrhtferii
2393 3553 2461 3616 fii

640 3655 719 3736 »Β
761 3656 917 3737 Ego
950 3647 1276 3714 aeiSelstan
1310 3651 1456 3715 dux
1690 3654 1769 3735 »Β
1810 3652 1963 3732 Ego
1997 3650 2361 3716 wulfhelm
2378 3651 2464 3715 ’ὦ

639 3754 718 3835 >1⁴
762 3755 919 3836 Ego
950 3748 1282 3815 afielwold
1319 3751 1465 3815 dux
1691 3752 1770 3833 ›1‹
1808 3752 1962 3834 Ego
2000 3748 2349 3817 aeiSelwine
2384 3751 2452 3814 ffi
