3044 5019
633 402 764 468 126
1154 419 1499 467 annrAss
1547 418 1876 467 ANGLOSA
1888 419 2234 468 xochss.

631 577 704 638 in
739 595 922 658 pago
966 574 1346 640 Suthfolcie
1386 584 1457 641 01
1496 578 1825 641 terrulam
1871 596 2091 640 meam
2133 578 2205 639 in
2238 576 2578 641 Yselham
2616 577 2742 641 tibi

631 676 814 739 fideli
850 695 1002 740 meo
1037 676 1327 740 Burrico
1361 676 1686 760 episcopo
1720 678 1793 741 H
1802 679 1947 742 robi
1983 686 2055 741 et
2087 677 2396 742 ecclesiae
2432 684 2575 740 tuae
2610 677 2738 740 im-
2844 692 2853 704 ·

629 784 1034 859 perpetuum
1069 777 1554 858 possidendam
1589 778 1830 858 trad03
1871 798 2025 842 cum
2055 778 2372 841 omnibus
2405 778 2550 840 suis
2583 798 2735 859 per·

629 876 964 952 tinentiiS,
1025 877 1418 958 paludibuS‚
1473 879 1801 959 pasturiS‚
1863 878 2163 960 pascuiS,
2229 877 2473 960 pratiS,
2535 878 2737 959 aquis

630 983 703 1039 et
749 975 1062 1058 piscariis
1124 984 1194 1039 et
1243 977 1580 1059 aucupiis,
1646 986 1718 1042 et
1768 998 1923 1041 cum
1969 977 2285 1042 omnibus
2338 977 2734 1040 hominibus

631 1077 825 1154 meis,
856 1077 1078 1139 seruis
1106 1083 1177 1140 et
1210 1077 1466 1153 liberiS‚
1498 1085 1571 1141 01
1595 1078 1748 1141 aliis
1782 1077 2043 1141 iuribus
2075 1077 2164 1141 ad
2196 1097 2350 1141 eam
2384 1077 2737 1159 pertinen-

630 1176 833 1240 tibus.
942 1176 1120 1239 Sunt
1171 1177 1352 1239 enim
1388 1223 1401 1237 .
1431 1193 1592 1239 xm.
1654 1178 1896 1259 iugera
1956 1186 2027 1241 01
2077 1194 2202 1241 xv,
2256 1197 2517 1251 mansae
2576 1198 2732 1259 quae

630 1275 764 1339 hiis
794 1277 1103 1341 terminis
1129 1276 1654 1354 concluduntur,
1680 1285 1811 1342 010.
1891 1277 2074 1341 Uolo
2103 1286 2175 1341 et
2200 1277 2529 1360 praecipio
2552 1278 2735 1359 quod

630 1374 782 1440 haec
839 1375 1122 1439 donatio
1174 1396 1329 1440 mea
1381 1377 1466 1440 de
1524 1376 1724 1440 terris
1774 1377 2323 1460 praemonstratis
2376 1378 2469 1441 sit
2520 1377 2739 1440 libera

631 1476 720 1538 ab
752 1476 937 1539 omni
968 1483 1314 1557 potestate
1356 1476 1576 1557 regali
1619 1477 2148 1559 imperpetuum,
2177 1485 2251 1541 et
2275 1477 2458 1559 quod
2499 1476 2733 1540 nullus

628 1574 826 1656 fuget
874 1575 945 1637 in
987 1595 1072 1639 ea
1113 1575 1246 1638 nisi
1289 1576 1654 1659 episcopus
1698 1584 1769 1641 et
1813 1578 1963 1642 eius
1995 1596 2448 1643 successores.
2529 1576 2735 1640 Unde

629 1694 761 1756 ego
811 1672 1188 1753 Aluredus,
1242 1675 1660 1741 auctoritate
1709 1678 1929 1759 regali
1973 1685 2043 1742 et
2088 1683 2436 1759 potestate
2481 1676 2650 1739 mihi
2693 1698 2737 1741 a

629 1775 784 1838 Deo
829 1774 1020 1854 data,
1062 1775 1227 1839 11010
1270 1776 1455 1859 quod
1498 1775 1648 1841 haec
1695 1776 1981 1841 donatio
2031 1796 2187 1841 mea
2240 1777 2439 1840 firma
2479 1784 2549 1840 et
2587 1783 2733 1840 sta·

627 1875 786 1939 bilis
825 1892 871 1939 a
915 1877 1427 1941 successoribus
1463 1877 1636 1939 meis
1669 1876 2089 1941 aetern'aliter
2126 1877 2486 1941 habeatur.
2581 1875 2734 1940 Nec

629 1975 864 2039 licebit
907 1976 1114 2041 alicui
1163 1977 1368 2040 istam
1410 1977 1844 2041 uoluntatem
1899 1996 2123 2041 meam
2171 1986 2243 2041 et
2285 1975 2733 2040 donationem

628 2087 922 2153 mutare,
970 2077 1238 2140 auferre
1296 2076 1410 2140 uel
1452 2076 1807 2158 minuere3
1855 2077 2037 2142 sicut
2065 2076 2554 2160 omnipotentis
2592 2076 2731 2139 Dei

626 2175 801 2239 iram
848 2183 919 2240 et
955 2175 1499 2258 indignationem
1531 2176 1756 2241 uitare
1793 2177 2156 2241 desiderat.
2270 2177 2404 2240 Sed
2465 2177 2522 2239 si
2574 2176 2735 2258 quis

629 2296 784 2340 eam
844 2296 1097 2358 augere
1142 2276 1463 2354 intendit,
1511 2284 1767 2359 augeat
1807 2278 1938 2341 sibi
1984 2278 2177 2341 Deus
2217 2277 2361 2341 dies
2405 2278 2628 2340 bonos
2661 2278 2734 2339 in

630 2377 759 2442 hoc
804 2378 1058 2440 saeculo
1103 2383 1174 2440 et
1217 2377 1462 2440 merita
1515 2377 1588 2438 in
1637 2397 1850 2459 regno
1905 2378 2278 2442 coelorum:
2327 2376 2506 2439 hanc
2546 2377 2736 2439 enim

629 2476 1075 2542 donationem
1143 2475 1274 2539 feci
1336 2476 1421 2541 de
1478 2478 1769 2542 consilio
1835 2477 2342 2542 carissimorum
2421 2496 2737 2540 meorum

630 2576 1044 2659 Plegmundi
1086 2575 1585 2659 archiepiscopi
1615 2584 1685 2642 et
1709 2577 2095 2642 Grimbaldi
2126 2576 2527 2654 sacerdotis,
2577 2577 2734 2641 An-

629 2696 719 2739 no
763 2676 1259 2741 incarnationis
1302 2675 1663 2742 dominicae
1696 2681 1946 2741 nocomo
1978 2695 2147 2742 XCV.
2177 2697 2301 2759 pro
2335 2677 2563 2740 anima
2603 2698 2733 2759 pa—

630 2777 756 2841 tris
805 2776 937 2840 mei
977 2785 1048 2842 et
1091 2777 1382 2841 fratrum
1430 2797 1737 2841 meorum
1783 2777 2232 2854 AEthelbaldi,
2269 2776 2739 2843 AEthelberhti

630 2884 701 2942 et
726 2877 1113 2942 AEthelredi
1169 2898 1434 2960 regum,
1489 2878 1609 2961 qui
1664 2878 2137 2943 haereditatem
2199 2876 2500 2958 regalem
2561 2879 2738 2942 mihi

627 2977 912 3061 indigno
993 2978 1435 3060 reliquerunt.
1564 2978 1712 3042 Uos
1785 2986 2016 3042 autem
2083 2997 2375 3061 quorum
2449 2978 2741 3041 nomina

629 3081 1165 3161 subsequuntur,
1204 3078 1594 3143 consentire
1638 3086 1709 3143 et
1752 3079 2179 3145 subscribere
2221 3097 2423 3202 prece
2455 3097 2610 3141 mea
2664 3087 2739 3142 et

631 3198 863 3242 amore
896 3198 1047 3243 meo
1076 3179 1385 3242 exoraui.

719 3278 813 3342 Et
867 3298 996 3360 ego
1050 3277 1524 3360 Plegmundus
1579 3280 2134 3360 archiepiscopus
2182 3279 2743 3343 Dorobernensis

629 3378 985 3443 consentio
1031 3385 1103 3442 et
1153 3379 1509 3443 subscribo
1538 3382 1615 3461 »Β
1634 3428 1650 3444 .
1756 3379 1849 3443 Ε1
1893 3397 2023 3460 ego
2070 3377 2556 3445 AEthelbaldus
2618 3397 2741 3442 ar-

626 3479 1101 3563 chiepiscopus
1159 3479 1616 3544 Eboracensis
1680 3479 2036 3543 consentio
2093 3485 2165 3542 et
2211 3477 2570 3542 subscribo
2615 3480 2703 3561 ›1‹
2722 3528 2738 3544 .

633 3581 785 3662 Ego
827 3581 1311 3644 AEthelstanus
1357 3579 1890 3644 Herefordensis
1936 3579 2227 3642 antistes
2252 3567 2634 3642 'consentio
2671 3588 2746 3643 et

627 3681 982 3745 subscribo
1014 3681 1094 3761 ᾧ
1111 3727 1127 3744 .
1203 3680 1354 3762 Ego
1372 3679 1782 3744 Werbertus
1805 3679 2365 3760 Legacestrensis
2405 3725 2740 3744 .......

507 3839 510 3842 ,
628 3780 983 3845 consentio
1027 3789 1099 3844 et
1130 3780 1485 3843 subscribo
1519 3783 1597 3862 ᾧ
1616 3828 1631 3844 .
1738 3780 1890 3861 Ego
1932 3778 2366 3861 Tynebertus
2394 3778 2744 3843 Lichefel·

629 3880 861 3943 densis
906 3879 1270 3962 episcopus
1309 3881 1666 3945 consentio
1698 3886 1768 3944 et
1798 3880 2152 3944 subscribo
2186 3882 2293 3961 q«.
2390 3878 2546 3960 Ego
2582 3878 2743 3943 He-

629 3980 937 4043 refredus
986 3978 1491 4062 Wygornensis
1545 3981 1858 4044 minister
1910 3979 2267 4059 consentio
2324 3986 2395 4042 et
2458 3979 2744 4068 signum

628 4087 888 4145 sanctae
948 4080 1170 4143 crucis
1237 4097 1511 4161 appono
1550 4084 1661 4163 ff«.
1802 4080 1954 4161 Ego
2009 4079 2402 4143 AElfstanus
2457 4078 2743 4143 Londo-

626 4180 884 4245 niensis
916 4181 1278 4262 episcopus
1311 4179 1585 4262 signum
1619 4181 1841 4244 crucis
1880 4199 2154 4261 appono
2179 4182 2288 4261 »1«.
2396 4177 2549 4259 Ego
2591 4180 2739 4243 De-
