3044 5019
895 403 1240 452 ominus
1286 403 1970 454 AucmsAxochn.
2351 394 2485 470 243

372 556 502 620 bus
555 564 628 621 et
679 558 981 640 pennino
1039 561 1351 625 exercitu
1407 562 1867 644 malignorum
1919 564 2309 648 spirituum,
2360 568 2494 631 nisi

365 657 561 738 prius
605 657 901 741 inriguis
952 660 1426 742 poenitentiae
1481 663 1853 744 gemitibus
1904 670 1976 728 et
2024 684 2199 747 pura
2249 686 2480 733 emen-

363 755 648 821 datione
683 759 1180 824 emendauerit.
1289 760 1458 828 Istis
1480 762 1886 828 terminibus
1919 766 2274 846 praedicta
2293 772 2479 832 terra

361 855 854 939 circumgirata
886 877 1039 923 esse
1071 860 1370 938 uidetur,
1401 870 1535 926 etc.

467 955 623 1037 Ego
672 956 1121 1023 Eadmundus
1161 979 1287 1023 rex
1315 959 1705 1042 Anglorum
1739 961 2123 1043 praefatam
2156 963 2472 1038 donatio-

364 1074 522 1140 nem
575 1074 732 1119 cum
783 1057 1015 1138 sigillo
1071 1066 1354 1123 sanctae
1404 1061 1628 1128 crucis
1681 1061 2085 1126 confirmaui
2105 1065 2183 1144 ›1‹
2200 1111 2217 1128 .
2322 1063 2477 1145 Ego

364 1153 521 1217 Oda
557 1155 1115 1222 Dorobernensis
1158 1159 1536 1227 aecclesiae
1579 1160 2137 1244 archiepiscopus
2166 1162 2473 1226 eiusdem

363 1254 549 1334 regis
610 1255 1054 1326 donationem
1112 1276 1269 1322 cum
1325 1259 1560 1341 sigillo
1612 1268 1896 1325 sanctae
1952 1261 2175 1326 crucis
2226 1263 2469 1325 subar-

360 1354 511 1415 raui
560 1355 638 1434 ›1‹
655 1402 672 1418 .
778 1356 932 1438 Ego
981 1355 1298 1422 Deodred
1347 1357 1852 1425 Londoniensis
1906 1359 2282 1425 aecclesiae
2321 1361 2466 1444 epi-

360 1471 610 1535 scopus
644 1455 1079 1537 consignaui,
1116 1464 1249 1523 etc.
1272 1458 1350 1537 ›1‹

1192 1751 1623 1818 cccxcv.

1045 1869 1580 1982 EADMUND,
1624 1901 1776 1967 943.

466 2049 545 2131 ›1‹
590 2049 682 2114 IN
716 2050 990 2120 nomine
1022 2050 1133 2118 dei
1160 2053 1412 2124 summi
1447 2060 1517 2117 et
1553 2052 1875 2118 altissimi
1910 2051 2121 2117 Ihesu
2157 2051 2416 2118 Christi
2444 2055 2458 2118 Ξ

359 2147 814 2216 Manifestum
864 2158 973 2214 est
1017 2153 1285 2220 cunctis
1330 2153 1516 2235 quod
1564 2154 1796 2217 omnia
1839 2153 2166 2218 caelestia
2210 2160 2281 2217 et
2326 2159 2462 2216 ter-

356 2249 605 2320 restria
653 2248 1091 2332 prouidentia
1135 2250 1246 2324 dei
1291 2253 1791 2334 gubernantur,
1836 2271 2014 2335 quae
2068 2251 2461 2317 sollicitudo

355 2348 670 2411 mortalis
709 2348 898 2412 uitae
947 2350 1114 2413 totis
1158 2351 1421 2415 nisibus
1461 2352 1537 2414 in
1585 2371 1900 2416 carorum
1949 2352 2461 2433 amicorumque

351 2447 724 2512 amissione
775 2447 1221 2531 conqueritur
1262 2469 1346 2515 ac
1380 2450 1689 2515 defletur.
1797 2451 1967 2517 Ideo
2003 2451 2208 2517 certis
2243 2451 2458 2515 adsti-

352 2547 828 2630 pulationibus
873 2549 1136 2614 mellita
1186 2551 1469 2615 oracula
1519 2551 1797 2615 diuinae
1842 2552 2280 2617 clamationis
2332 2572 2458 2617 nos

351 2647 827 2729 frequentanis
861 2649 1319 2714 ortationibus
1353 2651 1670 2729 suadent,
1700 2659 1780 2714 ut
1819 2671 1974 2715 cum
2003 2651 2109 2715 his
2141 2651 2457 2733 fugitiuis

348 2753 422 2810 et
450 2747 602 2810 sine
639 2747 847 2810 dubio
887 2749 1301 2815 transitoriis
1347 2751 1924 2833 possessiunculis
1973 2750 2230 2832 iugiter
2262 2771 2454 2815 man—

344 2865 515 2910 sura
546 2866 766 2928 regna
797 2847 908 2911 dei
941 2848 1271 2931 suffragio
1295 2849 1739 2932 adipiscenda
1759 2858 1945 2914 sunt.
2015 2848 2458 2932 Quapropter

344 2966 482 3028 ego
540 2945 989 3011 Eadmundus
1033 2967 1159 3011 rex
1220 2948 1608 3031 Anglorum
1665 2955 2231 3030 caeterarumque
2285 2968 2455 3030 gen-

346 3046 523 3122 tium
557 3046 629 3108 in
666 3047 957 3110 circuitu
996 3048 1536 3129 persistentium,
1574 3048 1846 3125 cuidam
1893 3048 2079 3112 fideli
2122 3067 2275 3111 meo
2326 3049 2452 3112 mi-

345 3146 570 3210 nistro
637 3147 944 3210 uocitato
994 3148 1269 3212 nomine
1313 3148 1711 3231 Uulfgario,
1766 3168 1894 3232 pro
1962 3149 2110 3215 eius
2171 3147 2453 3212 amabili

345 3244 788 3309 oboedientia
834 3246 1120 3328 eiusque
1167 3246 1493 3328 placabili
1541 3249 1858 3332 pecunia,
1913 3267 2122 3330 quam
2168 3247 2334 3311 mihi
2382 3248 2455 3312 in

345 3364 520 3409 suae
571 3344 959 3413 deuotionis
1011 3347 1343 3428 obsequio
1399 3348 1672 3427 detulit,
1731 3349 1803 3411 in
1857 3347 2281 3412 Niwantune
2320 3395 2336 3411 .
2378 3364 2455 3411 x.

348 3463 635 3515 mansas
692 3445 754 3508 ei
803 3444 1095 3509 libenter
1141 3448 1491 3527 concessi3
1572 3448 1661 3512 ad
1715 3466 1920 3530 quam
1987 3466 2153 3510 uero
2202 3455 2459 3510 terram

347 3550 627 3626 pratum
665 3544 945 3626 aliquod
994 3544 1293 3628 pertinet
1336 3547 1520 3629 quod
1560 3548 1743 3611 iacet
1785 3547 1858 3609 in
1886 3546 2209 3614 Weolces
2258 3545 2455 3626 clife3

346 3651 420 3717 et
449 3644 523 3707 in
560 3644 766 3707 tertio
791 3643 945 3709 loco
976 3645 1092 3708 ubi
1135 3645 1488 3710 rusticana
1520 3647 2036 3729 nuncupatione
2069 3645 2322 3708 dicitur
2347 3653 2461 3710 aet

345 3743 641 3826 ‚Fyrstes
688 3743 907 3809 Felda
942 3791 958 3808 .
998 3761 1105 3808 111.
1152 3764 1471 3825 mansas;
1522 3766 1800 3828 unaque
1853 3745 2243 3827 geminatae
2280 3744 2458 3825 ,fiunt

350 3890 368 3907 .
400 3859 586 3922 xm3
665 3850 745 3911 ut
796 3843 1083 3915 eandem
1146 3852 1678 3927 suprataxatam
1726 3854 1977 3909 terram
2038 3845 2225 3908 uitae
2288 3863 2456 3913 suae

345 3961 555 4007 cursu
604 3941 895 4015 feliciter
948 3943 1323 4025 possideat,
1432 3944 1663 4026 Igitur
1721 3945 2118 4008 imminente
2162 3943 2457 4015 dissolu-

345 4041 558 4106 tionis
592 4060 761 4106 suae
791 4041 969 4106 calle
1009 4043 1314 4126 corporis
1346 4049 1418 4107 et
1449 4045 1746 4123 animae,
1793 4061 2268 4109 successorum
2330 4042 2462 4105 sibi

345 4142 810 4215 carorumcui
843 4161 918 4205 se
952 4142 1231 4207 libuerit
1263 4149 1493 4220 mente
1519 4143 1745 4219 libera
1775 4143 1959 4207 dono
2011 4142 2350 4223 largiatur
2390 4149 2460 4205 et

2103 4265 2135 4299 a
2160 4255 2191 4302 2
