3044 5019
626 423 757 486 206
1142 434 1487 484 CHARTAE
1534 431 2215 480 ANGmSAonmAB.

1459 681 1900 750 cchxx.

1181 834 1223 878 ε·
1257 805 1960 912 ΑΕΤΗΕΒεΤἉΝ,
2004 826 2184 897 938.“

737 983 815 1063 ›1‹
849 978 1067 1045 ΑΝΝΟ
1097 978 1479 1046 dominicae
1511 980 2009 1047 incarnationis
2050 997 2327 1044 Dcnxx.
2362 980 2746 1046 indictione

630 1098 738 1146 xl.
843 1081 1000 1164 Ego
1048 1079 1409 1146 AEiselstan
1464 1102 1591 1146 rex
1653 1081 1870 1147 totius
1934 1081 2398 1164 Bryttanniae
2441 1082 2744 1158 insulae,

627 1182 810 1246 dabo
839 1201 967 1265 pro
996 1188 1281 1245 aeterna
1311 1182 1760 1246 retributione
1794 1189 1865 1246 et
1890 1200 2018 1263 pro
2039 1181 2437 1263 expiatione
2467 1182 2747 1245 animae

626 1301 843 1360 meae,
877 1302 1091 1345 unum
1121 1288 1471 1346 cassatum
1514 1283 1587 1347 in
1632 1283 1785 1346 loco
1838 1282 1958 1345 ubi
1989 1282 2075 1345 ab
2107 1280 2350 1346 incolis
2385 1283 2743 1346 uocitatur

629 1381 1143 1465 Toppaesham,
1187 1381 1316 1446 deo
1350 1389 1422 1446 et
1463 1389 1748 1447 sanctae
1780 1381 2074 1459 Mariae,
2117 1382 2207 1445 ad
2241 1383 2741 1446 monasterium

626 1482 810 1565 quod
835 1502 878 1546 a
893 1481 1196 1546 solicolis
1222 1482 1617 1546 nominatur
1640 1483 2088 1559 Exaceaster,
2111 1490 2190 1546 ut
2210 1481 2463 1546 habeat
2490 1501 2735 1564 quam·

626 1583 747 1646 diu
769 1581 936 1646 fides
960 1580 1301 1646 catholica
1321 1583 1394 1646 in
1419 1589 1626 1665 gente
1644 1581 2035 1664 Anglorum
2061 1589 2487 1664 permaneat.
2521 1581 2740 1645 Prae-

619 1682 911 1765 cipimus
944 1688 1015 1746 et
1045 1682 1484 1746 obsecramus
1528 1682 1601 1746 in
1632 1682 1744 1747 dei
1788 1682 2281 1764 omnipotentis
2336 1683 2615 1746 nomine
2657 1689 2728 1746 et

628 1784 700 1847 in
744 1790 1029 1848 sanctae
1078 1781 1443 1847 Trinitatis
1503 1782 1787 1861 honore,
1841 1789 1922 1846 ut
1971 1782 2202 1846 nullus
2254 1782 2613 1868 hominum
2663 1782 2738 1846 in

629 1883 865 1967 aliquo
917 1890 1225 1965 tempore
1288 1902 1617 1965 umquam
1661 1901 1876 1948 ausus
1924 1881 2132 1946 fuerit
2188 1882 2367 1947 hanc
2426 1890 2738 1947 nostram

628 1984 1066 2048 donationem
1085 1982 1391 2047 minuere
1413 1991 1536 2048 aut
1556 1984 1875 2065 frangere
1905 1983 1978 2047 in
2001 1983 2276 2066 aliqu03
2311 1982 2433 2047 sed
2465 2004 2739 2067 semper

628 2083 900 2148 stabilis
960 2090 1031 2147 et
1088 2083 1500 2148 inconcussa
1558 2089 1988 2167 permaneat,
2035 2090 2180 2147 tam
2229 2083 2360 2148 deo
2411 2103 2621 2166 quam
2664 2091 2740 2147 et

627 2183 1042 2261 hominibuS,
1073 2203 1291 2266 usque
1322 2186 1394 2248 in
1426 2191 1781 2249 aeternum
1806 2191 2102 2266 tempus.
2205 2183 2277 2248 Si
2313 2184 2468 2266 quis
2502 2195 2738 2248 autem

627 2284 759 2348 hoc
788 2304 1041 2348 munus
1069 2284 1143 2348 in
1174 2284 1406 2367 aliquo
1433 2284 1750 2368 frangere
1791 2284 1906 2349 uel
1931 2284 2235 2348 minuere
2267 2285 2740 2367 temptauerit,

629 2386 807 2450 sciat
865 2404 941 2449 se
994 2404 1228 2449 coram
1275 2384 1404 2449 deo
1467 2392 1539 2449 et
1598 2392 1846 2450 sancta
1893 2384 2126 2448 Maria
2187 2385 2529 2448 rationem
2577 2385 2736 2448 red-

628 2486 815 2564 dere,
866 2483 1001 2551 nisi
1049 2484 1161 2550 hic
1209 2485 1403 2569 prius
1460 2485 1776 2551 celeriter
1824 2484 2138 2550 emendet
2180 2505 2413 2551 coram
2466 2483 2735 2550 idoneis

630 2587 946 2653 testibus.
1050 2585 1284 2650 Huius
1314 2586 1600 2669 agelluli
1620 2586 1895 2651 termini
1925 2586 2096 2650 haec
2124 2593 2310 2664 sunt,
2343 2592 2476 2649 etc.

741 2687 819 2767 ›1‹
862 2686 1017 2768 Ego
1075 2685 1437 2752 AEbelstan
1508 2707 1638 2751 rex
1704 2685 2090 2769 Anglorum
2160 2686 2340 2750 hanc
2422 2693 2736 2750 nostram

629 2787 1070 2859 donationem
1101 2807 1256 2853 cum
1298 2786 1500 2870 signo
1533 2786 1756 2852 crucis
1787 2787 2125 2870 impressi.
2242 2788 2320 2868 ›1‹
2357 2785 2511 2868 Ego
2547 2786 2732 2851 Ead-

631 2887 840 2953 mund
872 2885 1122 2951 indolis
1151 2889 1316 2952 clito
1344 2888 1709 2952 consilium
1753 2888 1933 2952 dedi.
2047 2888 2125 2968 ›1‹
2156 2886 2310 2968 Ego
2341 2885 2734 2951 Wulfhelm

630 2987 1189 3070 archiepiscopus
1239 2988 1693 3053 consolidaui.
1811 2990 1889 3070 ἧς
1916 2987 2074 3069 Ego
2124 2986 2412 3071 peodred
2468 2987 2732 3070 episco-

629 3108 762 3172 pus
794 3087 1191 3170 subscripsi.
1307 3090 1385 3170 ›1‹
1419 3088 1574 3171 Ego
1611 3087 1946 3153 AElfheah
1977 3087 2341 3170 episcopus
2384 3087 2732 3170 adquieui.

644 3191 722 3271 ›1‹
743 3188 899 3271 Ego
919 3187 1304 3253 Brihthelm
1332 3189 1700 3272 episcopus
1721 3187 2062 3253 consensi.
2123 3189 2201 3269 ›1‹
2224 3188 2377 3270 Ego
2397 3187 2735 3252 Eadhelm

630 3289 994 3371 episcopus
1038 3288 1204 3354 faui.
1319 3290 1397 3370 ›1‹
1427 3289 1581 3371 Ego
1610 3287 1940 3371 AEbelgar
1982 3287 2349 3371 episcopus
2400 3288 2733 3353 conclusi.

643 3391 721 3471 ›1‹
752 3387 1111 3453 AEbelstan
1184 3389 1351 3453 duX.
1466 3391 1545 3471 ›1‹
1579 3389 1899 3455 AElfhere
1969 3388 2136 3452 dux.
2251 3390 2329 3470 ›1‹
2369 3387 2734 3453 Eadmund

630 3491 799 3554 dux.
934 3490 1012 3570 ›1‹
1059 3490 1406 3574 AEpelsige
1469 3489 1640 3555 dux.
1779 3490 1857 3570 ›1‹
1902 3488 2106 3553 Odda
2176 3489 2509 3552 minister.
2645 3490 2723 3570 ›1‹

627 3590 1041 3656 Wihtmund
1074 3591 1407 3655 minister.
1479 3590 1558 3670 ›1‹
1594 3589 1954 3655 AEBelmod
1984 3589 2317 3653 minister.
2394 3589 2472 3669 ›1‹
2513 3588 2733 3653 Deor-

630 3690 791 3755 mod
844 3690 1177 3757 minister.
1294 3692 1372 3772 ›1‹
1411 3689 1740 3774 wulfgar
1784 3691 2117 3754 minister.
2233 3691 2311 3771 ›1‹
2349 3687 2566 3752 Osulf
2606 3688 2729 3752 mi-

630 3792 868 3857 nister.

954 3908 971 3940 ¹
992 3910 1120 3960 This
1138 3910 1339 3961 chartei·
1357 3911 1404 3960 is
1425 3909 1726 3974 apparently
1750 3924 1782 3958 a
1803 3909 1968 3971 faulty
1992 3923 2123 3971 copy
2146 3907 2204 3958 of
2219 3907 2304 3956 the
2325 3908 2444 3958 last.
