3044 5019
603 424 735 488 234
1112 438 1454 484 anR'rAE
1500 436 2181 485 ANcLosAxochE.

606 594 922 678 praefata
967 595 1249 658 donatio
1295 615 1477 658 anno
1530 596 1617 659 ab
1665 596 2142 659 incarnatione
2190 595 2450 658 domini
2492 597 2714 660 nostri

611 694 820 758 Ihesu
858 693 1115 758 Christi
1145 712 1530 759 nccccxm.
1554 696 1929 760 indictione
1959 713 2153 759 xnn.

719 797 798 875 ›1‹
820 794 972 875 Ego
1006 795 1454 858 Eadmundus
1490 815 1616 858 rex
1650 793 2041 878 Anglorum
2080 795 2461 879 praefatam
2496 795 2713 859 dona-

607 895 861 958 tionem
894 913 1050 957 cum
1082 895 1312 976 sigillo
1352 903 1638 960 sanctae
1673 898 1895 960 crucis
1943 895 2332 959 subarraui.
2447 898 2526 976 ›1‹
2560 896 2714 977 Ego

608 993 994 1058 Wulfhelm
1081 994 1630 1060 Dorobernensis
1705 997 2081 1060 aecclesiae
2159 995 2717 1077 archiepiscopus

603 1093 908 1159 eiusdem
951 1094 1138 1177 regis
1183 1095 1624 1159 donationem
1674 1116 1830 1160 cum
1881 1097 2112 1178 sigillo
2155 1103 2441 1161 sanctae
2488 1096 2713 1160 crucis

610 1194 1013 1259 confirmaui
1040 1216 1058 1274 ;
1105 1215 1262 1259 cum
1295 1196 1532 1260 multis
1567 1196 1744 1261 aliis.

1480 1437 1836 1554 cccxc).

1260 1639 1302 1680 *
1346 1604 1883 1715 ΕᾸΒΜΠΝΒ,
1927 1638 2079 1701 941.

707 1790 786 1868 >1⁴
821 1787 911 1850 IN
946 1787 1219 1862 nomine
1251 1787 1473 1851 trinae
1508 1796 1580 1852 et
1612 1807 1794 1852 uuae
1833 1786 2150 1851 deitatis!
2257 1785 2718 1868 Omnipotens

608 1888 1075 1969 supernalium
1110 1888 1729 1970 temporaliumque
1760 1906 1965 1950 uerus
1998 1887 2255 1950 arbiter
2280 1906 2532 1962 rerum,
2558 1894 2719 1950 ante

609 1988 841 2052 omnia
885 1995 1200 2068 tempora
1238 1994 1309 2050 et
1357 1995 1520 2051 ante
1560 1988 1793 2052 omnia
1836 1987 2085 2064 sidera,
2126 1987 2299 2049 duas
2345 1986 2718 2067 originales

611 2088 696 2151 de
757 2087 972 2149 nihilo
1024 2095 1376 2152 creaturas
1424 2088 1573 2151 fieri
1618 2087 1982 2169 disposuit,
2035 2087 2420 2168 angelicam
2469 2087 2715 2150 uideli-

611 2195 722 2251 cet
770 2187 992 2250 lucem
1038 2192 1109 2250 et
1151 2188 1510 2253 informem
1562 2188 1945 2252 materiam.
2051 2187 2163 2249 Ex
2198 2206 2354 2269 qua,
2379 2186 2718 2268 siquidem

615 2287 890 2351 informi
935 2288 1226 2351 materia
1268 2289 1501 2353 omnia
1547 2307 1724 2370 quae
1761 2287 2085 2350 uidentur
2131 2293 2202 2349 et
2232 2306 2410 2368 quae
2453 2294 2721 2370 tempo-

615 2389 792 2451 ralia
823 2394 1012 2464 sunt,
1037 2388 1412 2450 secundum
1441 2389 1770 2470 temporis
1788 2388 2292 2463 discretionem,
2311 2386 2722 2469 producenS,

620 2490 904 2570 insuper
953 2487 1279 2553 formauit
1328 2489 1696 2566 hominem,
1746 2488 1865 2570 qui
1923 2487 2172 2570 spiritu
2207 2488 2396 2553 uitae
2438 2486 2723 2553 inflatus

610 2595 681 2651 et
746 2587 833 2650 ad
898 2587 1287 2669 ymaginem
1332 2597 1404 2652 et
1450 2588 1967 2656 similitudinem
2018 2589 2128 2652 dei
2179 2586 2429 2665 factm,
2475 2588 2716 2652 diuina

610 2688 1123 2769 dispensatione
1176 2696 1592 2769 potestatem
1638 2708 1846 2771 super
1889 2689 2030 2752 alia
2073 2694 2325 2752 cuncta
2375 2689 2720 2753 elementa

612 2787 1008 2859 dominandi
1051 2787 1312 2866 habuit,
1342 2791 1598 2872 quique
1637 2787 1942 2872 paradisi
1974 2809 2131 2852 cum
2172 2789 2490 2858 omnibus
2515 2771 2719 2865 sede,

609 2887 1049 2971 perhenniter
1075 2889 1135 2952 si
1165 2889 1376 2953 uellet
1412 2891 1707 2966 locatuS,
1742 2889 1994 2952 diuinis
2019 2889 2322 2970 imperiis
2368 2887 2720 2953 humiliter

612 2989 931 3052 oboedire
973 2989 1266 3066 nollem,
1328 2989 1448 3052 sed
1500 3009 1722 3073 prona
1783 2989 2144 3053 uoluntate
2198 2996 2269 3052 et
2320 2990 2719 3070 serpentina

613 3090 933 3152 suasione
966 3088 1484 3153 inoboedienter
1515 3097 1758 3153 contra
1789 3082 1991 3152 deum
2021 3088 2372 3169 superbire
2403 3088 2721 3165 mallenS,

614 3188 698 3251 de
731 3189 1065 3270 superiori
1098 3195 1290 3252 statu
1334 3190 1406 3251 in
1449 3189 1839 3252 inferiorem
1885 3195 2139 3251 sortem
2183 3207 2340 3250 cum
2375 3189 2563 3250 omni
2595 3208 2723 3251 sua

613 3289 942 3370 progenie
983 3290 1446 3371 subsequente
1478 3289 1553 3351 in
1584 3289 1818 3352 labore
1852 3294 1923 3352 et
1956 3306 2332 3370 aerumpna
2372 3289 2723 3370 proiectus

616 3396 743 3452 est.
852 3387 1162 3471 Cumque
1229 3396 1517 3453 naturae
1573 3390 1702 3453 sub
1760 3388 1913 3469 lege
1963 3407 2086 3471 per
2135 3387 2355 3451 multa
2406 3395 2723 3469 tempora

613 3489 1092 3552 innumerabili
1142 3489 1336 3570 prole
1394 3490 1812 3571 nationeque
1878 3495 2029 3552 erat
2083 3487 2377 3565 solutus,
2430 3488 2747 3551 tandem*

613 3590 999 3652 misericors
1023 3596 1289 3666 auctor,
1310 3610 1396 3653 ne
1426 3609 1556 3653 sua
1577 3588 1848 3654 factura
1873 3589 2152 3670 periret,
2173 3588 2714 3654 misericordiam

620 3707 757 3751 non
804 3687 1133 3753 iudicium
1176 3709 1499 3770 pensans,
1541 3689 1766 3772 legem
1803 3689 2077 3755 litterae
2108 3687 2623 3770 prophetasque
2656 3694 2726 3750 et

620 3787 874 3853 mundo
919 3798 1447 3869 uesperascente
1487 3809 1613 3871 per
1655 3789 2086 3870 unigenitum
2125 3787 2341 3855 filium
2385 3806 2588 3850 suum
2617 3789 2722 3850 in-

619 3893 1000 3966 carnatum,
1023 3888 1246 3969 legem
1279 3891 1546 3972 gratiae
1578 3910 1786 3972 super
1816 3888 2150 3953 homines,
2255 3887 2350 3951 Et
2376 3907 2503 3969 pro
2535 3887 2717 3949 mul-

619 3988 839 4069 tiplici
872 3987 1222 4054 hominum
1254 3990 1719 4068 multitudine,
1750 3990 2124 4053 humanum
2155 4007 2372 4069 genus
2400 4007 2525 4068 per
2546 3987 2722 4050 mul-

618 4096 727 4152 tas
750 4096 994 4170 gentes
1026 4089 1438 4172 linguasque
1457 4090 1795 4166 diuidens,
1820 4088 2195 4152 secundum
2219 4087 2524 4153 eiusdem
2546 4082 2721 4168 legis
2785 4121 2789 4125 ·

617 4190 969 4266 iudicium,
1005 4191 1323 4271 quamuis
1354 4191 1631 4272 aequali
1677 4191 1966 4269 origine,
1999 4197 2229 4253 tamen
2277 4188 2516 4252 diuina
2553 4206 2715 4250 con-
