3044 5019
605 428 735 492 llo
1114 446 1257 493 cna
1268 445 1460 493 nrAss
1505 444 2189 493 Ancmstxxomcnn.

603 602 792 665 tione
830 617 997 665 xm.
1027 600 1134 664 his
1165 602 1459 666 testibus
1492 603 2081 667 consentientibus
2111 610 2183 667 et
2214 604 2704 671 subscribenti-

604 702 757 778 buS,
779 720 1073 783 quorum
1104 701 1216 765 hic
1247 702 1528 766 nomina
1556 701 1736 765 infra
1768 710 2092 767 tenentur
2122 704 2445 787 ascripta.

713 804 795 884 »14
833 801 987 883 Ego
1020 799 1356 865 Aebelred
1385 801 1939 886 archiepiscopus
1974 824 2131 867 cum
2171 804 2373 886 signo
2421 813 2703 874 sanctae

601 902 824 963 crucis
856 902 1281 965 confirmaui.
1337 902 1415 982 »14
1439 902 1592 984 Ego
1612 900 1982 967 Suuibuulf
2002 905 2369 986 episcopus
2388 909 2704 971 consensi

599 1007 671 1063 et
691 1001 1089 1084 subscripsi.
1162 1005 1243 1082 »14
1265 1001 1418 1083 Ego
1447 1000 1875 1067 Aebeluuald
1907 1003 2053 1067 dux
2085 1005 2406 1068 consensi
2438 1013 2510 1068 et
2541 1009 2704 1071 sub-

598 1101 861 1183 scripsi.
977 1103 1055 1183 »14
1085 1101 1239 1183 Ego
1265 1100 1657 1166 Beornuulf
1676 1103 1820 1166 dux
1854 1105 2169 1167 consensi
2200 1112 2273 1168 et
2302 1106 2701 1189 subscripsi.

607 1200 685 1280 »14
730 1201 883 1281 Ego
929 1201 1321 1264 Ealhmund
1366 1202 1564 1265 miles
1612 1204 1933 1267 consensi
1986 1211 2056 1267 et
2101 1205 2495 1287 subscripsi.
2612 1209 2694 1289 »14

596 1299 750 1381 Ego
785 1301 1183 1365 Beornuuls
1201 1302 1399 1365 miles
1440 1303 1758 1366 consensi
1798 1310 1869 1367 et
1909 1303 2306 1386 subscripsi.
2424 1306 2502 1386 »14
2545 1305 2701 1389 Ego

596 1399 1020 1464 Beorhtuulf
1084 1400 1281 1464 miles
1358 1403 1683 1465 consensi
1749 1410 1823 1466 et
1885 1404 2284 1487 subscripsi.
2419 1405 2497 1485 »14
2544 1405 2700 1489 Ego

597 1499 948 1563 Deoruuls
968 1499 1163 1563 miles
1209 1502 1528 1565 consensi
1562 1508 1635 1565 et
1666 1503 2062 1586 subscripsi.
2178 1504 2256 1584 »14
2304 1503 2458 1585 Ego
2494 1503 2697 1570 Ceol-

593 1598 754 1662 bald
799 1599 996 1663 miles
1043 1601 1360 1664 consensi
1402 1607 1473 1665 et
1516 1602 1915 1684 subscripsi.
2032 1604 2110 1684 »14
2153 1603 2309 1682 Ego
2356 1603 2700 1669 Ealhhere

594 1698 791 1762 miles
873 1699 1191 1763 consensi
1279 1708 1350 1764 et
1431 1701 1830 1783 subscripsi.
1995 1702 2073 1782 »14
2142 1702 2293 1784 Ego
2384 1702 2697 1784 Deoring

593 1799 789 1862 miles
831 1801 1149 1864 consensi
1182 1807 1254 1864 et
1284 1801 1681 1883 subscripsi.
1796 1804 1878 1884 »14
1917 1802 2071 1884 Ego
2109 1801 2522 1867 Beornhelm
2566 1806 2697 1867 mi-

593 1899 811 1963 nister
857 1901 1042 1979 regis
1086 1901 1401 1963 consensi
1435 1909 1506 1965 et
1539 1902 1938 1988 subscripsi.
2055 1904 2133 1984 »14
2179 1902 2333 1984 Ego
2379 1903 2695 1967 Osmund

590 1999 902 2062 minister
933 2000 1115 2079 regis
1146 1999 1462 2064 consensi
1493 2008 1564 2064 et
1598 2002 1994 2084 subscripsi.
2082 2003 2160 2083 »14
2203 2002 2359 2082 Ego
2400 2002 2696 2067 Beorht-

589 2096 712 2162 red
774 2099 1087 2162 minister
1146 2101 1332 2181 regis
1382 2101 1699 2164 consensi
1765 2108 1837 2165 et
1895 2102 2294 2184 subscripsi.
2411 2103 2489 2183 »14
2530 2103 2688 2185 'Ego

592 2196 931 2262 Nosshelm
955 2199 1266 2263 minister
1293 2202 1479 2281 regis
1512 2202 1829 2264 consensi
1861 2208 1931 2265 et
1958 2202 2357 2284 subscripsi.

690 2298 871 2362 Haec
924 2306 1088 2363 sunt
1146 2307 1350 2382 prata
1405 2309 1502 2365 aet
1556 2299 1815 2365 Cobam
1861 2302 2037 2367 duos
2101 2319 2310 2382 agros
2358 2308 2452 2365 aet
2503 2300 2689 2367 Scite

588 2397 836 2476 Cocce,
871 2397 1032 2462 eber
1060 2398 1256 2463 healf
1272 2419 1451 2465 aecer
1482 2401 1725 2465 maede.

1421 2688 1841 2756 CCCXIII.

1200 2839 1843 2919 AETHELRED,
1889 2839 2041 2905 883.

690 2993 769 3076 »14
812 2990 1130 3055 SAECULI
1197 3006 1493 3072 namque
1569 2990 1863 3053 labentis
1924 2996 2240 3070 tempora
2287 2989 2468 3055 sicut
2529 3011 2685 3057 um-

577 3093 743 3155 brae
765 3091 1108 3172 sugientes
1139 3091 1240 3154 sic
1270 3089 1604 3154 uelociter
1625 3095 1928 3166 tranant,
1945 3089 2276 3171 uarieque
2305 3098 2680 3156 euentuum

576 3199 804 3255 status
859 3192 933 3255 in
995 3189 1451 3272 cogitationes
1498 3189 1853 3254 hominum
1909 3190 2400 3256 conscendunt.
2504 3191 2676 3256 Ideo

576 3310 815 3354 omnes
847 3290 1077 3354 firmas
1108 3291 1524 3355 statutiones
1558 3297 1833 3354 nostras
1862 3290 2250 3354 litterarum
2291 3291 2468 3354 serie
2510 3311 2680 3355 con-

575 3390 925 3455 firmamus
956 3411 1042 3455 ne
1072 3391 1368 3474 posteris
1391 3390 1644 3454 cadant
1661 3410 1751 3453 ex
1774 3390 2103 3453 memoria
2120 3391 2680 3472 praecedentium

573 3491 852 3556 decreta
904 3499 1219 3576 patrum;
1274 3490 1657 3555 Grecorum
1711 3490 1965 3554 talibus
2012 3489 2346 3572 exemplis
2410 3497 2680 3555 statuta

572 3599 760 3669 sunt,
793 3593 912 3675 qui
956 3593 1141 3675 quod
1186 3591 1360 3655 scire
1393 3590 1640 3654 uolunt
1671 3589 1921 3653 litteris
1949 3589 2257 3666 tradunt,
2288 3611 2376 3654 ne
2408 3610 2500 3653 ex
2531 3610 2677 3654 me-

572 3692 793 3756 moria
812 3693 1107 3756 labetur.
1211 3691 1476 3773 Estque
1497 3691 1697 3754 nobis
1727 3709 2005 3753 necesse
2039 3689 2676 3771 praemeditandum

570 3793 640 3855 in
691 3792 1106 3874 fugabundis
1151 3791 1575 3873 temporibus
1621 3791 1879 3854 saeculi
1924 3790 2272 3872 quomodo
2316 3789 2404 3852 ad
2453 3797 2679 3854 aeter-

569 3911 731 3955 nam
763 3891 1163 3955 felicitatem
1192 3892 1553 3973 peruenire
1579 3890 1936 3953 ualeamus
1960 3911 1978 3969 3
2025 3890 2189 3971 quia
2217 3896 2470 3953 cuncta
2499 3909 2676 3971 quae

569 3993 896 4055 uidentur
958 3991 1256 4072 sugitiua
1315 3999 1479 4055 sunt
1541 3998 1612 4054 et
1666 3990 1951 4067 caduca,
2002 4008 2183 4070 quae
2241 3996 2475 4052 autem
2535 4010 2673 4053 non

570 4092 893 4155 uidentur
952 4090 1391 4174 perhenniter
1429 4098 1595 4154 sunt
1640 4091 1992 4154 manentia
2027 4136 2042 4152 .
2078 4088 2187 4152 for
2234 4093 2409 4173 paere
2454 4089 2673 4152 wisan

565 4190 630 4254 ic
682 4190 1026 4256 AEsselraed
1085 4190 1483 4255 ealdorman
1528 4190 2023 4272 inbryrdendre
2080 4189 2294 4270 godes
2343 4188 2500 4269 gese
2554 4210 2672 4270 ge-
