3044 5019
849 442 1193 491 anR'rAss
1242 441 1924 492 AncmsAxochss.
2372 427 2462 491 39

357 606 430 661 et
459 595 622 661 inde
668 615 910 661 uersus
954 598 1234 661 boream
1279 616 1498 679 usque
1542 597 1632 660 ad
1666 596 2012 674 Uueland,
2043 597 2160 661 ubi
2206 598 2459 665 South-

356 696 521 761 lake
548 698 769 760 intrat
796 697 867 760 in
900 695 1247 772 Uueland,
1280 705 1351 759 et
1381 697 1479 759 sic
1508 696 1929 760 transeundo
1955 698 2180 779 ipsam
2209 717 2462 781 aquam

358 794 446 860 de
480 795 803 859 Uueland
852 803 923 860 et
968 795 1404 860 ascendendo
1445 795 1533 858 ad
1566 795 1868 878 Aspath,
1898 804 1970 860 et
2013 796 2173 861 inde
2219 817 2462 863 uersus

359 896 645 959 boream
696 915 913 978 usque
952 896 1042 959 ad
1071 894 1623 972 Uueruuerlake,
1654 903 1726 959 et
1760 897 1859 960 sic
1903 915 2027 978 per
2062 896 2463 980 Harynholt

298 1024 311 1035 ι
361 1012 585 1075 usque
636 993 725 1057 ad
775 993 1252 1076 Mengerlake,
1302 1002 1374 1058 et
1423 994 1583 1059 inde
1628 1013 1849 1076 usque
1895 995 1982 1058 ad
2030 995 2267 1079 Oggot
2315 999 2463 1062 siue

362 1093 908 1171 Dedmanslake,
935 1102 1006 1158 et
1032 1095 1133 1158 sic
1158 1113 1283 1176 per
1309 1093 1672 1176 Apynholt
1700 1102 1771 1159 et
1790 1094 2196 1161 Uuodelake
2222 1116 2464 1162 uersus

360 1195 696 1259 orientem
723 1212 943 1274 usque
972 1193 1060 1257 ad
1091 1191 1803 1271 Uuodelodemouthe,
1837 1193 1957 1275 qui
1989 1202 2096 1259 est
2127 1196 2460 1261 terminus
2500 1221 2505 1226 ·

360 1292 632 1356 insulae
659 1298 933 1358 uestrae
969 1293 1045 1357 in
1088 1292 1210 1357 illa
1235 1300 1433 1374 parte
1477 1300 1723 1359 contra
1765 1293 2068 1369 boream,
2097 1294 2278 1358 sicut
2310 1294 2460 1359 Na-

361 1391 948 1475 manslandhyrne
1007 1399 1113 1457 est
1153 1392 1489 1456 terminus
1550 1392 1818 1456 insulae
1878 1399 2155 1457 uestrae
2219 1401 2463 1462 contra

361 1498 700 1556 austrum.
809 1490 1219 1556 Communia
1260 1491 1467 1555 etiam
1498 1497 1825 1572 pasturae
1855 1491 2160 1556 omnium
2204 1493 2464 1558 anima·

362 1592 534 1657 lium
550 1598 941 1655 uestrorum
970 1590 1404 1675 protenditur
1424 1591 1611 1654 ultra
1630 1590 1852 1655 dictos
1874 1592 2203 1656 terminos
2220 1594 2463 1657 maris-

360 1710 602 1755 corum
630 1697 1019 1754 uestrorum
1048 1710 1289 1755 uersus
1317 1697 1652 1768 austrum,
1683 1709 1898 1773 usque
1929 1691 2017 1755 ad
2046 1711 2287 1773 agrum
2316 1713 2461 1756 mo-

366 1790 748 1858 nachorum
781 1790 1156 1855 aecclesiae
1175 1790 1292 1872 [de
1312 1789 1894 1867 Medeshamsted,
1917 1797 1990 1854 et
2015 1810 2255 1857 uersus
2285 1792 2465 1857 occi-

363 1891 645 1957 dentem
661 1909 880 1972 usque
909 1889 997 1955 ad
1019 1909 1264 1972 agrum
1282 1889 1772 1955 monachorum
1807 1884 2244 1970 aecclesiae]¹
2266 1909 2464 1955 sanc·

365 1999 484 2057 tae
522 1990 756 2072 Pegae
783 1991 856 2054 in
886 1988 1177 2055 australi
1202 1990 1495 2056 marisco
1516 1988 1602 2052 de
1628 1988 1971 2066 Uueland,
2008 1990 2174 2057 etin
2205 1991 2466 2055 boreali

364 2090 662 2155 marisco
692 2091 839 2155 eius
883 2089 1316 2172 protenditur
1364 2108 1607 2153 uersus
1651 2089 2073 2155 occidentem
2117 2108 2336 2172 usque
2376 2090 2464 2154 ad

363 2190 682 2257 aedificia
695 2189 781 2254 de
805 2190 1130 2272 Depyng,
1150 2196 1220 2254 et
1236 2208 1478 2253 uersus
1495 2189 1775 2253 boream
1803 2208 2022 2270 usque
2046 2188 2134 2253 ad
2157 2190 2472 2254 aedificia

364 2291 454 2357 de
484 2289 934 2374 Spaldelyng,
968 2289 1283 2355 omnibus
1320 2289 1486 2354 anni
1531 2289 1977 2371 temporibus,
2005 2295 2213 2370 prout
2240 2307 2283 2351 a
2313 2288 2467 2352 fun-

367 2390 648 2457 datione
678 2388 1074 2454 monasterii
1106 2387 1322 2453 uestri
1340 2387 1675 2453 hactenus
1711 2387 1942 2453 omnia
1962 2395 2321 2469 praetacta
2347 2407 2471 2471 pa-

362 2491 559 2557 cifice
601 2487 1027 2571 possedistis,
1134 2487 1275 2554 Pro
1324 2487 1544 2552 seruis
1601 2506 1765 2570 ergo
1821 2487 2095 2564 uestris,
2153 2507 2327 2570 quos
2382 2487 2469 2552 de

371 2589 686 2673 fugitiuis
728 2590 878 2652 siue
929 2588 1347 2671 piscatoreS,
1381 2588 1530 2654 siue
1568 2595 1882 2669 pastores
1933 2588 2130 2656 uobis
2180 2587 2471 2665 facietis,

366 2708 526 2758 cum
555 2688 904 2756 communi
929 2688 1214 2754 consilio
1245 2688 1459 2754 totius
1488 2688 1684 2768 regni
1727 2688 1860 2751 mei
1886 2686 2187 2754 concedo
2227 2695 2471 2753 sancto

371 2790 790 2856 monasterio
821 2795 1057 2865 uestro
1086 2788 1272 2852 ultra
1299 2787 1676 2855 exteriores
1704 2788 1892 2869 ripas
1922 2787 2226 2868 quinque
2269 2806 2473 2868 agro-

373 2910 526 2954 rum
556 2887 1023 2956 claudentium
1049 2887 1347 2955 insulam
1389 2893 1719 2962 uestram,
1745 2884 1999 2965 uiginti
2026 2886 2232 2967 pedes
2266 2887 2338 2953 in
2369 2886 2472 2951 la·

375 2989 670 3054 titudine
718 2988 805 3052 ab
840 2988 994 3069 ipsa
1032 3005 1242 3069 aqua,
1271 2985 1664 3068 ubicunque
1707 2983 2141 3050 ascenderint
2182 2984 2271 3050 ad
2299 2985 2477 3049 retia

377 3108 504 3152 sua
530 3086 983 3164 extrahenda,
1011 3092 1134 3150 aut
1163 3085 1250 3148 ad
1287 3086 1426 3152 alia
1453 3104 1584 3151 sua
1610 3084 2000 3150 necessaria
2025 3084 2098 3148 in
2127 3089 2312 3149 terra
2362 3103 2476 3151 so-

374 3189 517 3255 lida
543 3187 965 3269 peragenda.
1042 3185 1376 3252 Similiter
1405 3202 1836 3268 quocumque
1865 3183 2298 3265 protenditur
2326 3184 2475 3250 ani-

375 3288 660 3356 malium
718 3294 1106 3352 uestrorum
1163 3283 1552 3354 communia
1612 3285 1685 3351 in
1730 3283 2100 3367 praedictis
2144 3284 2479 3361 marisciS,

379 3388 542 3455 illuc
588 3386 988 3453 extenditur
1016 3386 1227 3453 etiam
1260 3384 1708 3466 fugitiuorum
1745 3390 2133 3450 uestrorum
2175 3384 2476 3461 licentia,

379 3495 460 3554 ut
501 3487 565 3552 si
607 3486 786 3551 forte
823 3485 899 3552 in
936 3503 1143 3566 agros
1172 3485 1539 3566 contiguos
1585 3503 1677 3548 ex
1719 3489 2154 3565 tempestate,
2196 3483 2310 3549 uel
2340 3484 2480 3548 alio

380 3586 776 3662 infortunio,
826 3585 941 3649 uel
989 3584 1351 3652 latrocinio
1409 3582 1709 3652 abducta
1760 3582 2061 3661 fuerint;
2132 3583 2479 3651 consenti-

376 3686 656 3752 entibus
696 3684 1015 3751 omnibus
1054 3684 1382 3767 praelatis
1410 3691 1484 3749 et
1510 3683 1907 3765 proceribus
1946 3682 2140 3759 meis,
2180 3683 2481 3749 concedo

382 3787 550 3869 ipsis
593 3783 910 3867 fugitiuis
957 3784 1232 3860 uestris,
1279 3783 1463 3865 quod
1513 3784 1694 3849 sicut
1740 3782 1859 3851 alii
1907 3781 2104 3850 liberi
2145 3782 2484 3860 homineS,

383 3885 710 3954 animalia
783 3891 1019 3952 uestra
1075 3883 1430 3966 praedicta
1499 3886 2027 3965 persequantur,
2081 3887 2155 3950 et
2220 3882 2484 3949 meliori

356 3986 585 4052 ‘modo
617 4003 758 4066 quo
806 3990 1134 4065 poterunt
1175 3988 1494 4065 repetant
1540 3989 1611 4050 et
1655 3982 2011 4057 reducant,
2052 3989 2123 4048 et
2167 3981 2368 4062 quasi
2411 3982 2485 4045 in

383 4084 718 4154 aecclesia
761 4102 891 4152 sua
934 4089 1190 4160 essent,
1219 4102 1344 4165 per
1375 4088 1598 4150 totam
1640 4082 1827 4152 uiam
1869 4099 2067 4148 suam
2113 4097 2285 4160 pace
2308 4096 2484 4154 mea,

1181 4245 1199 4277 ¹
1225 4247 1464 4309 Wanting
1486 4248 1540 4296 in
1564 4247 1676 4296 MS.
