3044 5019
858 442 1201 490 CHARTAE
1249 442 1935 490 ANcLosAonchn.
2300 427 2433 492 235

323 600 614 663 scientia
643 606 712 662 et
741 598 1043 662 humana
1077 599 1389 664 sollertia
1415 620 1542 683 pro
1575 600 1730 681 lege
1763 601 2129 678 seruanda,
2155 601 2331 666 alios
2360 603 2434 665 in

324 699 665 782 superiori
695 699 914 780 gradu
935 700 1296 763 constituit
1321 701 1800 782 imperatoreS,
1819 720 2017 782 reges
2041 702 2161 783 qui
2183 703 2433 783 spiritu

258 791 265 796 ’
320 807 567 863 sancto
594 801 1026 880 gubernante
1063 800 1498 864 subditorum
1544 820 1850 878 causam,
1883 802 2088 864 modo
2124 801 2432 884 discipli-

321 900 573 963 naliter
604 898 810 964 modo
850 900 1406 977 misericorditer,
1440 907 1916 982 procurarent,
1949 909 2019 965 et
2051 902 2305 966 diuinis
2333 903 2432 966 le-

321 1001 526 1081 gibus
565 998 1018 1080 adhaerentes
1055 999 1350 1063 militum
1399 1020 1637 1064 curam
1671 1019 1959 1064 munera
2003 1001 2258 1077 dando,
2300 1002 2429 1065 hu-

320 1100 726 1181 miliumque
768 1099 1074 1180 inopiam
1114 1100 1499 1164 consolatia
1530 1100 1945 1182 praestando
1987 1102 2433 1180 sustinerent,

324 1200 500 1264 alios
534 1200 606 1263 in
639 1199 948 1262 inferiori
981 1198 1275 1262 humiles
1308 1199 1621 1282 subditos
1645 1201 1765 1282 qui
1796 1201 1951 1264 aliis
1985 1202 2434 1281 gubernanti-

323 1301 452 1363 bus
484 1299 892 1380 obsequium
925 1299 1371 1363 subiectionis
1406 1300 1902 1363 ministrarent.
2013 1300 2243 1381 Igitur
2261 1320 2434 1382 quo-

322 1400 511 1462 niam
544 1393 780 1461 omnes
808 1399 925 1480 qui
954 1406 1269 1480 prosunt,
1306 1406 1592 1481 propter
1627 1399 1962 1464 donorum
1994 1399 2433 1482 largitionem

323 1506 393 1562 et
443 1498 847 1562 diuitiarum
902 1499 1437 1580 impertitionem
1473 1500 1561 1563 ab
1612 1500 2002 1564 hominibus
2063 1501 2430 1564 amabilem

321 1598 624 1675 laudem,
676 1606 745 1662 et
790 1617 834 1661 a
878 1598 1007 1661 deo
1059 1598 1435 1679 gloriosam
1485 1601 2109 1663 remunerationem
2154 1600 2436 1679 habent,

321 1697 479 1761 ideo
513 1717 643 1779 ego
680 1698 1128 1761 Eadmundus
1164 1718 1254 1761 ex
1282 1700 1502 1780 regali
1535 1700 1887 1781 progenie,
1919 1699 2048 1763 deo
2088 1708 2435 1766 annuente

325 1805 749 1880 regenteque
779 1818 989 1880 super
1010 1796 1449 1880 Angligenas
1473 1800 1787 1881 aliasque
1812 1799 2069 1863 multas
2092 1808 2335 1880 gentes
2361 1801 2435 1864 in

319 1899 611 1963 circuitu
646 1897 1038 1963 habitantes
1074 1918 1197 1961 rex
1235 1898 1619 1977 ordinatus,
1639 1900 1919 1962 amabili
1945 1899 2251 1963 uassallo
2281 1921 2434 1965 meo

326 1998 626 2061 Eadrico
679 1997 1002 2081 fidelique
1053 1999 1276 2062 amico
1333 1998 1507 2062 duas
1569 2006 1795 2063 terrae
1846 2018 2124 2063 mansas
2179 2001 2432 2081 imper-

326 2106 612 2180 petuam
642 2098 823 2162 dono
863 2097 1399 2179 haereditatem3
1444 2100 1775 2181 quatinus
1814 2100 2297 2184 temporalium
2325 2119 2433 2163 re-

329 2218 481 2261 rum
531 2199 769 2262 mobili
817 2200 1211 2280 praesentia
1244 2205 1445 2263 utens
1495 2199 1766 2263 fidelem
1811 2200 2313 2264 oboedientiam
2359 2220 2441 2266 ac

327 2317 570 2379 pacem
620 2291 1035 2362 laudabilem
1082 2318 1249 2380 erga
1297 2300 1492 2380 regni
1539 2306 1815 2381 sceptra
1849 2300 2070 2363 nostri
2098 2306 2168 2362 et
2207 2300 2442 2380 regale

335 2405 650 2461 nostrum
715 2398 964 2461 solium
1042 2399 1484 2462 aeternaliter
1544 2400 1868 2481 impetret
1928 2405 1998 2462 et
2057 2399 2446 2480 benigniter

333 2504 606 2577 seruet;
675 2505 745 2562 et
789 2505 949 2581 post
1004 2500 1388 2581 praesentis
1446 2499 1635 2563 uitae
1686 2520 2046 2563 excessum
2106 2498 2244 2562 illis
2290 2500 2442 2583 qui-

326 2599 750 2680 buscumque
812 2599 1112 2662 uoluerit
1176 2599 1756 2681 subsequentibus
1818 2601 1948 2664 hoc
1998 2601 2251 2664 donum
2321 2621 2435 2665 co-

329 2699 630 2776 mendet,
664 2706 744 2762 ut
773 2699 845 2761 in
876 2699 1192 2762 omnibus
1229 2705 1561 2780 paternae
1595 2700 2068 2763 oboedientiae
2101 2702 2436 2782 exemplis

328 2799 514 2862 circa
556 2799 819 2879 regiam
861 2798 1271 2879 dignitatem
1315 2799 1553 2862 fideles
1605 2800 2067 2863 inueniantur.
2176 2799 2318 2863 Pro
2353 2821 2435 2865 eo

328 2897 519 2961 illam
557 2905 812 2962 terram
862 2897 1299 2980 perhenniter
1333 2900 1482 2980 ipse
1528 2899 1792 2981 primus
1837 2905 2038 2980 pater
2084 2918 2239 2961 cum
2289 2901 2434 2963 suis

331 2998 583 3079 quibus
636 3005 797 3079 post
845 3017 919 3061 se
960 2998 1399 3061 comendauit
1449 3017 1490 3061 a
1542 2999 1871 3079 progenie
1936 2998 2009 3060 in
2058 2994 2432 3079 progenie,¹

330 3099 399 3160 in
462 3097 601 3160 illis
648 3098 957 3161 terminis
1002 3093 1253 3179 quibus
1297 3098 1502 3179 periti
1570 3098 1795 3162 coloni
1848 3097 2067 3179 ipsius
2127 3099 2431 3179 regionis

332 3217 580 3260 nomen
614 3198 969 3279 proprium
995 3186 1282 3279 antiquo
1308 3199 1664 3280 proposito
1692 3217 1843 3261 esse
1866 3198 2172 3262 dimcant
2198 3194 2435 3262 Stoke¹

331 3297 624 3379 dispono
660 3305 739 3361 ut
769 3296 1124 3379 possideat
1166 3304 1237 3362 et
1283 3305 1622 3380 perpetua
1663 3298 1936 3380 graphii
1979 3298 2296 3362 custodia
2328 3320 2437 3363 me

328 3398 668 3479 largiente
734 3416 890 3460 cum
952 3399 1269 3461 omnibus
1321 3398 1826 3479 pertinentibus
1894 3399 2114 3478 ipsius
2170 3399 2437 3463 telluris

332 3497 581 3574 officio,
646 3498 931 3579 campis,
990 3499 1236 3580 pratiS,
1289 3499 1593 3580 pascuis»,
1640 3504 1982 3574 teneatur,
2032 3497 2164 3562 hiis
2215 3500 2437 3565 tribus

330 3596 647 3680 exceptis
710 3597 797 3660 ad
859 3598 1163 3678 regalem
1222 3597 1631 3679 dignitatem
1674 3597 2104 3676 necessariiS,
2153 3599 2434 3681 expedi.-

331 3699 543 3774 tione,
576 3697 809 3778 pontis
842 3698 1107 3761 arcisue
1136 3698 1643 3779 cooperatione.
1752 3698 1914 3761 Hiis
1959 3717 2256 3780 namque
2300 3708 2439 3763 ter-

333 3798 537 3860 minis
559 3798 747 3860 omni
766 3805 964 3878 parte
996 3798 1134 3862 sita
1151 3804 1338 3862 terra
1355 3797 1736 3862 dinoscitur
1756 3817 1907 3861 esse
1925 3799 2436 3880 circumgirata,

332 3905 465 3961 etc.
576 3895 1011 3980 Quicumque
1039 3899 1245 3963 istam
1279 3906 1535 3961 terram
1565 3899 2079 3980 praesignatam
2102 3918 2257 3962 cum
2288 3920 2442 3964 mea

330 3998 695 4061 uoluntate
761 4016 1049 4079 meaque
1110 3999 1586 4062 benedictione
1639 3999 2027 4081 benigniter
2080 4006 2151 4062 et
2195 3999 2436 4063 huma-

330 4099 512 4162 niter
545 4097 672 4160 sub
707 4098 832 4160 tali
865 4098 1140 4162 decreto
1174 4099 1435 4180 talique
1470 4097 1760 4181 graphio
1806 4099 2245 4163 aeternaliter
2283 4118 2438 4161 cus-

1267 4224 1283 4255 ¹
1310 4227 1393 4274 Sic
1420 4227 1534 4276 MS.
