3044 5019
941 459 1288 506 anR'rAE
1337 458 2022 508 ANGLOSAxochss.
2388 445 2520 508 413

391 616 581 694 serit,
626 614 1175 697 indignationem
1222 614 1483 677 domini
1522 614 1746 680 nostri
1791 622 1862 678 et
1910 621 2195 678 sanctae
2247 614 2519 680 Mariae

390 724 460 780 et
506 723 906 780 sanctorum
952 714 1281 789 omnium,
1333 715 1453 796 qui
1497 712 1570 776 in
1613 714 2133 777 Dorobernensi
2182 715 2518 779 aecclesia

392 816 855 897 requiescunt,
890 813 1222 889 sentiant,
1253 813 1388 875 nisi
1441 818 1605 876 ante
1651 820 1940 877 mortem
1986 814 2332 877 emendati
2364 815 2509 878 fue-

393 915 568 977 rint)

493 1013 648 1093 Ego
681 1011 1043 1092 Eadgarus
1075 1031 1201 1074 rex
1234 1009 1450 1073 totius
1486 1007 1789 1091 Angliae
1816 1008 1976 1073 huic
1998 1010 2329 1075 codicello
2356 1032 2509 1076 meo

391 1113 666 1193 signum
698 1119 981 1174 sanctae
1012 1110 1234 1174 crucis
1256 1110 1539 1191 propria
1570 1128 1778 1173 manu
1811 1111 2103 1191 apposui
2138 1112 2247 1191 *1⁴-
2354 1112 2506 1193 Ego

393 1210 660 1275 Kinath
692 1230 818 1273 rex
850 1209 1212 1274 Scotorum
1237 1209 1614 1291 subscripsi
1644 1210 1755 1289 ᾧ.
1864 1208 2018 1289 Ego
2050 1208 2340 1274 Maccus
2375 1230 2500 1274 rex

388 1310 769 1374 insularum
800 1308 943 1372 uidi
977 1310 1084 1389 ᾧ.
1177 1308 1329 1389 Ego
1351 1308 1777 1397 ‚Dunstanus
1807 1308 2356 1372 Dorobernensis
2386 1330 2495 1374 ar-

390 1410 866 1492 chiepiscopus
919 1408 1294 1489 subscripsi
1335 1409 1447 1488 nx«.
1555 1407 1706 1488 Ego
1753 1406 2221 1471 AEoelwoldus
2282 1409 2504 1473 Uuin-

390 1509 724 1573 toniensis
781 1508 1072 1570 antistes
1149 1507 1465 1570 consensi
1506 1508 1617 1587 ᾧ.
1756 1506 1909 1587 Ego
1970 1507 2300 1571 Malcolm
2372 1529 2501 1573 rex

391 1607 846 1671 Cumbrorum
879 1606 1252 1687 subscripsi
1276 1607 1387 1686 ᾧ.
1491 1605 1644 1686 Ego
1677 1605 1941 1669 Dufnal
1976 1607 2237 1687 uidiffl.
2345 1608 2498 1689 Ego

391 1706 774 1771 Oskitellus
838 1705 1291 1769 Eboracensis
1354 1703 1910 1786 archiepiscopus
1977 1706 2349 1787 subscripsi
2383 1709 2494 1787 '1⁴-

386 1808 539 1887 Ego
579 1805 976 1869 Osuualdus
1029 1804 1558 1884 Uuigorniensis
1616 1804 1979 1886 episcopus
2027 1805 2342 1867 consensi
2383 1807 2493 1886 *1⁴-

389 1906 539 1986 Ego
575 1903 1066 1968 Kineuuardus
1129 1903 1344 1965 abbas
1391 1901 1925 1966 Mideltunensis
1975 1903 2351 1984 subscripsi
2381 1906 2491 1985 *1⁴-

388 2005 541 2085 Ego
578 2003 791 2067 Iacob
826 2002 1236 2083 subregulus
1269 2002 1544 2082 signum
1579 2003 1869 2084 apposui
1899 2004 1977 2083 ›1‹
1995 2050 2011 2066 .
2116 2002 2270 2083 Ego
2301 2001 2491 2068 Iukil

385 2102 795 2184 subregulus
831 2103 1103 2182 signum
1134 2102 1425 2182 apposui
1455 2103 1566 2182 ᾧ.
1648 2101 1802 2183 Ego
1829 2101 2051 2166 Siferd
2083 2103 2496 2183 subregulus

386 2204 659 2284 signum
714 2208 996 2265 sanctae
1031 2200 1253 2264 crucis
1291 2201 1584 2283 apposui
1630 2201 1701 2262 in
1735 2202 1913 2266 festo
1950 2202 2396 2266 Pentecostes
2424 2204 2495 2267 in

386 2302 669 2365 ciuitate
703 2300 1093 2364 Acamanni
1138 2301 1248 2380 vx«.
1287 2315 1716 2362 nccchxvl.

1318 2692 1586 2757 nxx.

1054 2841 1096 2884 *
1145 2808 1588 2918 EADGAR,
1633 2838 1786 2903 966.

498 2989 576 3068 ›1‹
620 2986 1056 3050 IMPERANTE
1089 2987 1365 3055 domino
1412 2994 1652 3051 nostro
1706 2985 1917 3049 Ihesu
1965 2983 2242 3050 Christo
2285 3006 2495 3071 super

387 3106 623 3149 omnes
678 3085 933 3162 coeloS,
988 3092 1057 3150 et
1093 3106 1303 3169 super
1350 3088 1582 3155 omnia
1635 3104 1851 3167 regna
1911 3085 2095 3148 orbis
2150 3093 2487 3151 terrarum

385 3186 845 3268 principatum
882 3191 1183 3263 tenente,
1214 3187 1335 3269 qui
1379 3185 1563 3250 tollit
1594 3205 1793 3267 reges
1839 3192 1910 3248 et
1950 3184 2280 3250 transfert
2331 3207 2488 3269 reg-

384 3304 499 3362 na,
535 3291 927 3366 tractatque
972 3303 1098 3348 suo
1143 3293 1315 3350 nutu
1348 3286 1586 3349 mundi
1620 3286 1900 3348 climata
1941 3284 2309 3365 uniuersa3
2356 3307 2487 3368 ego

387 3383 748 3464 Eadgarus
771 3384 1075 3447 eiusdem
1108 3384 1216 3448 dei
1236 3387 1453 3449 nostri
1484 3385 1807 3465 largiflua
1832 3383 2300 3447 munificentia
2326 3406 2487 3466 pos-

385 3482 614 3546 sidens
666 3483 879 3546 totius
932 3482 1237 3564 Magnae
1284 3484 1689 3547 Britanniae
1737 3481 2227 3559 monarchiam,
2271 3487 2488 3548 statui

386 3601 652 3645 mecum
686 3582 775 3645 ab
805 3581 1002 3645 initio
1033 3583 1230 3664 regni
1263 3584 1397 3645 mei
1436 3600 1563 3663 pro
1606 3580 1886 3644 modulo
1926 3600 2078 3644 meo
2127 3600 2255 3645 sua
2284 3582 2489 3648 bene—

387 3680 546 3744 ficia
577 3700 1119 3762 recompensare,
1153 3689 1224 3745 et
1267 3682 1352 3745 de
1397 3679 1793 3744 transitorio
1835 3698 2226 3743 mammona
2256 3684 2489 3763 proui-

388 3780 552 3843 dere
579 3779 747 3842 mihi
789 3781 1144 3843 beatorum
1191 3781 1637 3845 tabernacula
1687 3800 1947 3862 perque
1999 3781 2261 3844 caduca
2309 3782 2491 3844 bona

386 3879 758 3960 promereri
808 3878 1067 3959 gaudia
1114 3881 1556 3963 sempiterna.
1662 3878 1838 3942 Cum
1883 3899 2048 3960 ergo
2093 3879 2177 3941 de
2227 3880 2492 3943 releua—

386 3979 574 4041 tione
607 3977 1092 4041 aecclesiarum
1125 3978 1384 4043 Christi
1427 3987 1498 4043 et
1541 3980 2109 4042 monasteriorum
2146 3983 2492 4040 restaura-

386 4077 575 4139 tione
618 4075 1166 4157 frequentissime
1219 4078 1386 4141 mihi
1437 4084 1892 4158 suggererent
1934 4074 2328 4157 spirituales
2367 4096 2503 4158 pa·-

389 4182 530 4238 tres
563 4175 696 4237 mei
746 4174 1105 4255 pontifices
1158 4184 1226 4240 et
1271 4177 1589 4259 praelati,
1646 4183 1824 4240 teste
1870 4176 1999 4238 deo
2045 4173 2351 4238 cordium
2391 4176 2505 4239 in·-
