3044 5019
931 475 1273 523 CHARTAF.
1320 472 2004 521 ANGLOSAXONIGAE.
2388 458 2515 521 147

1141 727 1770 792 CCCXXXVII.

1064 872 1668 973 EADWEARD‚
1713 875 1864 939 904.

514 1041 592 1121 ›1‹
620 1039 1144 1105 DISPENSANTE
1171 1046 1240 1103 et
1259 1040 1688 1120 gubernante
1723 1040 1999 1104 domino
2033 1049 2270 1107 nostro
2300 1044 2512 1108 Ihesu

409 1138 684 1203 Christo
718 1139 1374 1205 incommutabiliter
1408 1140 1642 1202 omnia
1665 1140 1969 1204 uisibilia
1995 1149 2065 1205 et
2098 1143 2508 1208 inuisibilia!

409 1237 749 1317 Quamuis
784 1239 1001 1302 uerba
1040 1259 1280 1320 regum
1313 1245 1384 1302 et
1417 1259 1777 1320 procerum
1815 1241 2094 1304 decreta
2128 1242 2323 1306 uelut
2356 1243 2510 1306 fun-

406 1339 730 1403 damenta
763 1340 1101 1405 montium
1145 1339 1234 1402 ad
1286 1339 1630 1403 modicum
1674 1340 1821 1403 fixa
1856 1340 2247 1419 uideantur,
2281 1348 2512 1406 tamen

402 1438 804 1521 plerumque
831 1445 1282 1520 tempestates
1319 1446 1389 1502 et
1421 1439 1731 1503 turbines
1782 1442 2238 1505 saecularium
2283 1463 2510 1505 rerum

403 1559 773 1620 regnorum
833 1544 1103 1602 statuta
1161 1539 1520 1621 pulsantes
1595 1541 1938 1621 quatiunt.
2064 1541 2512 1625 Quapropter

402 1638 759 1702 literarum
818 1640 1190 1703 memoriae
1235 1639 1713 1702 Commendare
1762 1643 2131 1722 procuraui
2183 1663 2315 1723 ego
2368 1643 2509 1706 Ed-

403 1739 594 1802 ward
640 1759 767 1803 rex
817 1737 1233 1820 Aug-lorum,
1292 1739 1477 1820 quod
1522 1759 1650 1820 pro
1706 1748 1991 1804 aeterna
2040 1742 2509 1823 redemptione

403 1839 677 1903 animae
709 1858 903 1903 meae
938 1840 1095 1902 dedi
1132 1839 1219 1901 ad
1259 1840 1755 1902 monasterium
1792 1838 2316 1923 Wyntoniensis
2354 1861 2508 1905 aec—

402 1939 655 2003 clesiae
689 1939 911 2003 sancti
940 1938 1134 2001 Petri
1169 1948 1223 2000 X
1252 1957 1531 2003 mansas
1569 1947 1662 2003 aet
1692 1939 2162 2003 Micheldeucr
2183 1942 2383 2004 ¹intus
2420 1943 2507 2005 ad

401 2038 839 2106 refectorium
873 2038 1165 2102 fratrum
1187 2036 1465 2102 Christo
1499 2039 1668 2101 inibi
1695 2040 2163 2104 seruientium.
2257 2041 2349 2104 Et
2381 2041 2509 2105 has

401 2139 756 2221 portiones
801 2158 957 2202 cum
1005 2157 1346 2202 consensu
1380 2139 1794 2220 optimatum
1836 2159 2169 2217 meorum,
2215 2161 2508 2223 quorum

403 2240 685 2303 nomina
719 2238 900 2302 infra
935 2238 1197 2320 scripta
1240 2237 1604 2312 habentur,
1665 2239 1884 2301 eidem
1918 2239 2222 2302 familiae
2254 2241 2326 2303 in
2351 2261 2507 2322 per-

400 2346 685 2421 petuam
752 2337 1062 2402 concessi
1124 2337 1645 2414 haereditatem,
1705 2358 1860 2402 cum
1921 2339 2238 2402 omnibus
2274 2339 2373 2402 ad
2434 2360 2508 2404 se

400 2438 929 2521 pertinentibuS,
977 2437 1198 2514 siluiS‚
1245 2438 1531 2519 campis,
1567 2438 1810 2520 pratis,
1857 2439 2157 2521 pascuiS‚
2195 2445 2264 2501 et
2299 2437 2508 2502 etiam

399 2540 694 2621 piscium
729 2538 1059 2620 capturiS,
1080 2537 1413 2601 habendis
1447 2546 1516 2601 et
1552 2539 1982 2620 possidendis
2019 2546 2089 2602 et
2123 2539 2330 2603 etiam
2364 2542 2508 2603 suis

401 2639 914 2702 successoribus
974 2638 1047 2699 in
1112 2637 1351 2700 eodem
1397 2638 1759 2701 refectorio
1808 2638 2294 2720 relinquendis,
2402 2639 2508 2702 Ea

397 2746 631 2801 autem
681 2738 1074 2801 conditione
1135 2737 1339 2800 datae
1404 2744 1568 2799 sunt
1610 2737 1770 2800 illae
1819 2737 2054 2800 decem
2105 2739 2500 2821 praedictae

395 2845 779 2914 manenteS‚
824 2844 905 2900 ut
938 2856 1207 2920 semper
1252 2838 1701 2919 imposterum
1754 2844 2203 2917 permaneant
2247 2838 2506 2900 liberae

399 2947 470 3003 et
503 2938 873 3020 expeditae
910 2938 997 2999 ab
1016 2938 1334 3025 omnibus
1353 2936 1824 3000 saecularibus
1857 2936 2178 3016 negotiiS,
2211 2945 2507 3018 excepta

398 3038 839 3121 expeditione
870 3044 940 3100 et
970 3037 1147 3100 arcis
1195 3056 1275 3099 ac
1323 3037 1556 3118 pontis
1601 3036 2134 3099 constructione.
2241 3036 2333 3098 Et
2376 3036 2507 3100 hoc

396 3140 504 3203 dei
523 3138 1016 3220 omnipotentis
1052 3137 1254 3200 simul
1284 3143 1355 3200 et
1381 3155 1537 3199 mea
1574 3136 1994 3200 authoritate
2028 3136 2507 3199 confirmatum

394 3248 523 3318 est,
561 3246 847 3303 aeterno
893 3236 1349 3320 cyrographo,
1393 3237 1466 3298 in
1511 3256 1713 3300 cruce
1748 3236 2005 3300 domini
2038 3242 2108 3299 et
2134 3236 2503 3299 saluatoris

394 3340 618 3404 nostri
667 3339 879 3402 Ihesu
927 3336 1208 3401 Christi.
1315 3336 1547 3418 Siquis
1592 3336 1772 3400 hanc
1817 3344 2124 3400 nostram
2186 3338 2501 3401 donatio-

398 3461 553 3503 nem
606 3446 679 3502 et
730 3437 1334 3502 commutationem
1384 3437 1730 3500 custodire
1785 3444 1854 3499 et
1887 3455 2140 3517 augere
2181 3437 2503 3515 uoluerit,

393 3540 743 3604 custodiat
778 3538 972 3601 illum
1023 3538 1192 3600 deus
1231 3544 1301 3600 et
1352 3544 1608 3617 augeat
1663 3536 1725 3599 ei
1779 3537 2011 3599 omnia
2065 3537 2247 3599 bona
2297 3557 2500 3618 prae-

392 3641 609 3703 sentis
641 3645 711 3702 et
743 3636 1016 3701 suturae
1050 3638 1275 3715 uitae3
1325 3637 1432 3699 sin
1463 3654 1630 3699 uero
1660 3636 1966 3699 minuere
1989 3636 2101 3698 uel
2126 3635 2501 3718 infringere

394 3740 578 3803 mala
614 3746 846 3802 mente
889 3737 1210 3813 uoluerit,
1250 3737 1428 3799 sciat
1462 3755 1537 3798 se
1583 3736 1655 3798 in
1697 3735 2037 3800 horrendo
2071 3736 2190 3800 illo
2236 3738 2347 3801 die
2387 3757 2499 3801 se-

395 3840 544 3903 ueri
573 3839 916 3902 examinis
952 3856 1185 3901 coram
1219 3855 1487 3899 summo
1517 3835 1743 3899 iudice
1775 3837 2243 3901 ineuitabilem
2276 3838 2501 3901 reddi-

396 3947 627 4003 turum
655 3939 1021 4013 rationem,
1058 3937 1192 3999 nisi
1222 3935 1333 4000 hic
1368 3936 1560 4018 prius
1596 3936 1810 4018 digna
1843 3938 2309 4001 emendauerit
2334 3958 2499 4019 poe-

393 4040 707 4104 nitentia.
816 4037 980 4101 Hiis
1033 4037 1341 4100 terminis
1387 4035 1776 4117 praefatum
1813 4057 1931 4100 rus
1975 4038 2278 4118 undique
2312 4037 2498 4116 gira-

396 4147 530 4218 tur,
562 4149 695 4204 etc,
807 4138 1008 4202 Haec
1049 4145 1279 4200 autem
1322 4136 1592 4199 cartula
1638 4156 1820 4200 anno
1860 4136 2241 4205 dominicae
2273 4135 2499 4197 incar-

395 4241 694 4308 nationis
735 4254 1109 4303 Dccccnu.
1157 4236 1534 4304 indictione
1585 4239 1736 4300 v11⁸.
1784 4236 2043 4317 scripta
2087 4241 2216 4310 est,
2260 4234 2332 4295 in
2376 4234 2500 4298 illa

2130 4357 2158 4390 1.
2195 4348 2225 4394 2
