3044 5019
860 399 1201 449 unauna
1244 397 1919 448 ANGmSAxochn.
2357 382 2447 446 43

325 561 397 619 et
454 560 761 637 quatuor
813 554 1109 620 salina&
1226 554 1319 619 Et
1374 554 1460 617 de
1519 553 1702 617 (1666
1762 551 2012 618 036611
2083 553 2321 619 61111116
2364 554 2436 619 16

330 655 655 737 Drayton
685 661 851 718 octo
876 654 1072 718 hidas
1099 662 1349 731 terrae,
1378 660 1449 717 et
1477 659 1777 735 quatuor
1813 653 2148 734 61136163.
2253 654 2439 719 Con-

329 754 530 818 firmo
575 753 787 816 etiam
823 753 950 818 deo
997 760 1069 817 et
1107 761 1347 817 sancto
1379 751 1755 828 GuthlacO,
1787 770 2120 834 sacroque
2163 773 2437 818 monas-

326 854 506 917 terio
548 859 811 930 uestr0,
873 853 958 918 (16
1014 853 1196 918 (1666
1251 850 1597 917 Asketelli
1656 857 1799 915 tres
1849 852 2163 934 61136163
2214 861 2438 917 161166

326 953 402 1018 in
462 951 927 1035 Glapthorne.
1048 952 1142 1017 Et
1190 952 1275 1015 de
1329 952 1516 1017 dono
1579 949 1866 1031 Uulgeti
1924 959 2066 1016 tres
2124 953 2436 1034 61136166

330 1059 560 1116 161166
588 1053 664 1115 16
695 1050 1067 1135 Peiekyrk.
1169 1051 1265 1116 Et
1292 1051 1378 1116 (16
1407 1050 1591 1115 (1666
1617 1049 1920 1132 Edulphi
1947 1051 2033 1116 de
2061 1051 2438 1136 Laithorpe

328 1170 546 1215 unam
603 1152 933 1216 bouatam
982 1159 1230 1217 terrae.
1330 1150 1428 1215 Et
1483 1149 1571 1215 de
1630 1149 1813 1215 dono
1871 1149 2196 1215 Siuuardi
2249 1151 2437 1216 uice-

324 1250 593 1315 domini
642 1250 718 1313 in
767 1250 1110 1334 Kyrkeby
1160 1257 1300 1314 tres
1344 1251 1640 1314 bouatas
1691 1254 1939 1327 terrae,
1991 1268 2201 1313 unam
2244 1269 2439 1314 man-

328 1351 625 1426 sionem,
655 1356 728 1413 et
755 1350 891 1415 tria
932 1348 1230 1431 6616316.
1336 1350 1429 1413 Ε1
1449 1347 1538 1411 (16
1575 1349 1759 1413 (1666
1799 1346 2185 1430 8131161366
2227 1351 2438 1415 comi·

331 1450 549 1515 tissae
577 1449 651 1515 in
678 1448 1041 1514 Staundon
1078 1449 1384 1530 quinque
1421 1447 1622 1511 hidas
1666 1455 1914 1511 161166.
2019 1448 2115 1512 Ε1
2143 1449 2231 1512 (16
2256 1449 2440 1515 dono

337 1548 633 1613 Uulnoti
669 1548 744 1610 in
773 1546 1157 1631 Adyngton
1194 1549 1370 1614 duas
1421 1546 1621 1610 hidas
1661 1553 1885 1611 terrae
1935 1567 2091 1613 cum
2142 1549 2441 1615 aduoca-

331 1649 524 1712 tione
552 1647 927 1713 aecclesiae
955 1646 1261 1713 eiusdem
1288 1646 1497 1710 uillae
1519 1666 1537 1726 ;
1563 1653 1640 1709 et
1668 1646 1739 1710 in
1768 1647 1907 1711 alia
1935 1644 2321 1730 Adyngton
2353 1650 2440 1714 de

326 1747 519 1812 dono
549 1746 877 1824 eiusdem,
905 1766 1113 1811 unam
1145 1747 1490 1828 uirgatam
1519 1754 1768 1811 terrae.
1855 1744 2203 1812 Confirmo
2232 1750 2442 1812 etiam

328 1847 464 1912 deo
517 1852 589 1910 et
637 1853 881 1910 sancto
929 1845 1304 1923 Guthlaco,
1358 1864 1696 1928 sacroque
1751 1847 2168 1910 monasterio
2207 1856 2442 1913 uestro

333 1947 421 2010 de
470 1946 656 2011 dono
701 1945 1033 2011 Thoroldi
1078 1945 1487 2010 uicedomini
1544 1944 1859 2010 Lincoln.
1909 1945 1982 2009 16
2033 1946 2443 2013 Bukenhale

330 2045 513 2110 duas
576 2052 938 2111 carucatas
1019 2052 1245 2109 terrae
1302 2051 1374 2109 et
1428 2043 1810 2120 dimidium,
1865 2052 1937 2109 et
1991 2046 2242 2128 uiginti
2314 2067 2441 2112 sex

334 2164 537 2211 acras
588 2145 793 2227 prati,
851 2152 922 2208 et
979 2162 1045 2209 L.
1096 2153 1296 2210 acras
1353 2144 1595 2227 syluae
1652 2149 1724 2207 et
1778 2150 2043 2226 septem
2100 2165 2297 2210 acras
2357 2148 2442 2213 de

332 2246 608 2311 brusce.
748 2244 1096 2309 Confirmo
1177 2244 1384 2309 etiam
1454 2243 1584 2307 deo
1641 2249 1713 2307 et
1763 2251 2006 2308 sancto
2068 2244 2441 2325 Guthlaco,

327 2363 675 2426 sacroque
740 2344 1158 2409 monasterio
1212 2351 1472 2420 uestro,
1546 2342 1631 2407 de
1704 2341 1886 2408 dono
1948 2343 2248 2426 Geolphi
2318 2346 2441 2411 filii

338 2443 573 2521 Malti,
616 2443 691 2508 16
756 2443 1172 2527 Halyngton
1221 2449 1518 2526 quatuor
1566 2443 1859 2507 bouatas
1905 2449 2131 2508 terrae
2179 2445 2264 2511 de
2317 2445 2355 2508 Ι
2360 2467 2438 2509 6-

332 2544 570 2621 161616,
610 2551 683 2608 61
731 2544 964 2608 (166616
1016 2546 1310 2608 bouatas
1353 2544 1428 2606 in
1469 2542 1778 2619 seruitio,
1805 2551 1875 2607 et
1907 2560 2191 2609 xxxm,
2241 2565 2440 2611 acras

334 2644 521 2725 prati
568 2644 643 2708 16
700 2641 1139 2726 Gernthorpe
1195 2643 1281 2708 (16
1327 2641 1566 2707 eodem
1613 2641 1837 2710 feodo,
1943 2642 2145 2708 Haec
2210 2648 2442 2711 omnia

330 2743 761 2825 supradicta,
793 2744 1188 2819 6666163163,
1218 2742 1545 2823 capellas,
1564 2747 1809 2818 terras,
1838 2748 2253 2820 tenementa,
2275 2765 2437 2827 pas-

336 2850 559 2919 16166,
632 2842 1075 2925 piscationeS,
1135 2840 1464 2919 maneria,
1533 2842 1948 2918 1666316663,
2024 2842 2440 2922 molendina,

336 2960 629 3019 1661366,
673 2949 744 3006 61
781 2943 1134 3019 6111113666,
1160 2941 1377 3007 libera
1412 2948 1482 3004 et
1511 2940 1742 3004 661616
1785 2940 1876 3004 ab
1925 2941 2111 3006 omni
2153 2943 2441 3008 seruitio

331 3042 680 3107 saeculari
720 3048 796 3106 61
838 3061 1046 3108 66616
1089 3048 1384 3117 terrene,
1415 3041 1716 3106 concedo
1759 3040 1957 3105 uobis
1987 3049 2059 3106 61
2087 3060 2440 3107 successo-

337 3141 528 3204 ribus
575 3141 828 3206 uestris
883 3142 957 3204 in
1008 3147 1459 3223 perpetuum3
1507 3147 1579 3203 61
1626 3141 1975 3223 praesenti
2019 3160 2171 3206 meo
2215 3141 2441 3208 chiro·
2540 3169 2544 3173 ·

330 3239 608 3321 grapho
659 3240 985 3304 confirmo
1025 3241 1100 3304 16
1148 3240 1410 3321 regiam
1463 3239 1968 3323 eleemosynam
2014 3259 2261 3320 meam,
2313 3264 2441 3326 pro

333 3341 574 3404 anima
591 3339 851 3403 domini
886 3339 1247 3403 Uuithlafii
1269 3338 1618 3421 quondam
1647 3340 1853 3421 regis,
1882 3339 2115 3404 fratris
2145 3348 2215 3405 61
2241 3363 2441 3424 prae.-

332 3438 718 3506 decessoris
767 3439 925 3516 mei,
982 3446 1053 3503 61
1103 3459 1229 3521 pro
1282 3439 1643 3504 animabus
1697 3440 2000 3504 omnium
2042 3443 2442 3524 progenito-

334 3557 516 3615 rum,
561 3545 949 3621 parentum,
985 3545 1056 3602 61
1090 3539 1472 3602 amicorum
1514 3558 1843 3604 meorum,
1947 3539 2040 3604 Et
2085 3544 2442 3625 emancipe

288 3667 293 3672 ’
335 3638 427 3702 ab
466 3638 657 3702 omni
691 3638 923 3704 debito
968 3638 1176 3719 16316,
1209 3645 1282 3702 61
1310 3639 1531 3703 omnis
1566 3639 1850 3704 alterius
1889 3638 2148 3704 domini
2186 3648 2256 3704 et
2295 3663 2441 3708 om-

335 3738 470 3814 nis,
532 3738 1000 3820 cuiuscunque
1057 3737 1265 3802 fuerit
1326 3736 1712 3818 (1136116116,
1789 3739 2263 3817 excellentiae,
2330 3745 2443 3807 uel

340 3836 646 3914 honoris,
689 3844 771 3902 61
812 3836 999 3907 nihil,
1040 3856 1085 3904 6
1132 3836 1337 3902 166(16
1386 3837 1474 3901 (16
1529 3836 1746 3901 663111
1805 3839 1985 3902 36611
2042 3843 2442 3910 16666316111

338 3935 804 4019 croylandiae
848 3935 1228 4013 monachis,
1270 3936 1565 4002 literatis
1625 3945 1746 4001 aut
1789 3937 2009 4015 161613,
2056 3940 2273 4002 661616
2320 3949 2442 4004 661

340 4037 735 4102 tenentibus
763 4036 1042 4113 6661113,
1086 4037 1365 4118 exigere
1406 4044 1756 4118 poterunt,
1790 4046 2066 4119 praeter
2094 4038 2443 4100 orationes

336 4143 608 4205 uestras
641 4144 714 4206 61
744 4136 1078 4204 beneficia
1124 4136 1534 4218 spiritualia,
1562 4156 1699 4219 quo
1728 4136 2024 4218 gratiam
2064 4130 2442 4197 beatissimi
