3044 5019
910 428 1255 477 cHAR'rAE
1298 425 1983 475 ANGLOSAXONIGAE.
2364 410 2493 474 331

1230 681 1638 748 CCCCLV.

990 863 995 867 ·
1085 830 1131 875 *
1176 829 1617 910 EADRED,
1662 831 1815 895 956.

504 979 582 1057 »14
628 974 847 1041 ANNo
895 978 984 1041 ab
1031 975 1504 1042 incarnatione
1548 977 1808 1041 domini
1860 993 2230 1040 nccchvl.
2348 977 2502 1061 Ego

397 1077 696 1154 Eadred,
729 1076 967 1141 diuina
997 1078 1226 1158 gratia
1258 1076 1537 1141 fauente
1568 1097 1693 1141 rex
1716 1083 1788 1140 et
1821 1076 2247 1159 primicerius
2284 1078 2502 1142 totius

396 1175 744 1254 Albionis,
798 1175 1146 1241 Brihtrico
1190 1177 1506 1242 ministro
1567 1197 1744 1254 meo,
1781 1177 1871 1239 ob
1920 1176 2069 1240 eius
2110 1175 2405 1238 amabile
2422 1183 2506 1241 et

397 1276 598 1340 fidele
644 1276 1145 1358 obsequiolum‚
1186 1275 1364 1341 ruris
1398 1276 1812 1360 particulam
1842 1276 1972 1339 sub
2024 1275 2505 1339 aestimatione

398 1391 466 1440 v.
487 1382 942 1452 caractorum,
973 1376 1061 1439 ab
1087 1376 1272 1440 omni
1294 1376 1633 1440 saeculari
1654 1375 1966 1452 seruitio,
1993 1374 2230 1437 diuino
2252 1375 2402 1438 iure
2431 1376 2504 1438 in

398 1493 525 1538 suo
556 1481 748 1538 statu
783 1473 1225 1557 perdurante,
1259 1483 1535 1559 praeter
1579 1495 1831 1552 arcem,
1869 1481 2176 1556 pontem,
2217 1474 2505 1557 expedi-

399 1575 658 1639 tionem
707 1573 1019 1652 liberam,
1073 1575 1367 1639 libenter
1411 1574 1498 1638 ad
1546 1573 1825 1639 modum
1865 1574 2173 1638 concessi
2221 1574 2296 1637 in
2349 1574 2503 1639 loco

399 1674 520 1757 qui
552 1673 805 1737 dicitur
839 1673 1347 1757 Hengstesrig3
1399 1694 1481 1739 eo
1510 1681 1748 1738 tenore
1767 1673 1971 1736 huius
1993 1672 2505 1737 munificentiae

390 1773 654 1837 *donum
703 1773 1199 1856 perstringens,
1255 1781 1336 1839 ut
1382 1780 1545 1856 post
1588 1773 1853 1837 obitum
1914 1791 2116 1836 suum
2164 1772 2503 1855 imperpe-

399 1880 597 1937 tuum
670 1873 782 1937 ius
856 1874 1242 1957 cuicunque
1321 1872 1624 1937 uoluerit
1708 1872 1988 1937 haeredi
2048 1870 2500 1953 derelinquat.

398 1971 611 2051 Quod
642 1972 702 2035 si
738 1973 1056 2056 quisque,
1091 1972 1276 2056 quod
1311 1993 1451 2037 non
1482 1980 1827 2056 optamus,
1863 1970 2254 2036 huiusmodi
2287 1970 2505 2035 dona-

399 2072 609 2136 tionis
641 2079 904 2136 cartam
936 2072 1308 2154 infringere
1347 2073 1816 2155 temptauerit,
1851 2071 1984 2135 nisi
2031 2072 2223 2154 prius
2256 2071 2329 2134 in
2373 2070 2505 2136 hoc

402 2172 681 2236 saeculo
736 2171 942 2253 digne
990 2173 1395 2254 castigetur,
1433 2172 1505 2236 in
1542 2171 1777 2236 futuro
1824 2170 2157 2254 perhenni
2195 2171 2506 2235 cruciatu

401 2278 821 2354 praematur.
925 2271 1020 2335 Et
1071 2271 1180 2359 his
1240 2271 1577 2336 limitibus
1629 2271 1800 2335 haec
1849 2270 2118 2333 telluris
2166 2269 2508 2351 particula

403 2370 876 2452 circumgirari
936 2370 1234 2448 uidetur,
1297 2378 1430 2435 etc.
1572 2368 1807 2432 Huius
1869 2368 2032 2433 doni
2081 2369 2505 2451 constipula-

405 2477 632 2535 torum
663 2470 943 2534 nomina
974 2469 1260 2534 inferius
1294 2476 1539 2535 notata
1568 2469 1914 2535 uidentur.

506 2571 662 2653 Ego
693 2569 849 2634 Oda
896 2569 1453 2654 archiepiscopus
1504 2570 1822 2634 consensi
1871 2575 1942 2634 et
1980 2567 2356 2651 subscripsi
2395 2571 2473 2652 »14
2489 2616 2507 2633 .

408 2671 561 2752 Ego
595 2670 878 2734 Wlstan
911 2669 1466 2753 archiepiscopus
1501 2669 1819 2740 consensi
1864 2675 1935 2733 et
1980 2669 2358 2751 subscripsi
2394 2670 2472 2751 »14
2490 2717 2506 2733 .

409 2770 561 2852 Ego
583 2769 879 2851 AElfsige
906 2768 1271 2852 episcopus
1294 2769 1613 2834 consensi
1640 2776 1712 2833 et
1741 2768 2117 2851 subscripsi
2139 2770 2217 2848 »14
2234 2815 2251 2831 .
2356 2767 2510 2850 Ego

410 2869 623 2934 Osulf
639 2870 1003 2952 episcopus
1038 2870 1356 2933 consensi
1401 2875 1472 2933 et
1515 2868 1893 2951 subscripsi
1933 2868 2011 2949 »14
2028 2914 2045 2931 .
2150 2867 2304 2948 Ego
2325 2867 2509 2931 Wlf-

407 2969 555 3051 sige
573 2970 938 3052 episcopus
957 2969 1275 3039 consensi
1293 2975 1365 3032 et
1383 2968 1760 3050 subscripsi
1788 2969 1866 3050 »14
1884 3015 1900 3032 .
2004 2966 2159 3047 Ego
2178 2965 2511 3031 AElswold

408 3069 772 3152 episcopus
821 3069 1139 3139 consensi
1187 3076 1259 3133 et
1313 3068 1691 3150 subscripsi
1730 3068 1808 3149 »14
1825 3114 1842 3132 .
1947 3066 2102 3147 Ego
2135 3064 2514 3130 Brichtelm

406 3170 773 3251 episcopus
823 3169 1142 3232 consensi
1202 3175 1272 3233 et
1320 3167 1697 3250 subscripsi
1741 3168 1819 3249 »14
1836 3214 1853 3231 .
1965 3167 2120 3248 Ego
2163 3164 2514 3231 Kenward

408 3269 774 3352 episcopus
833 3268 1151 3332 consensi
1229 3275 1301 3338 et
1369 3261 1755 3351 subscripsi
1789 3268 1895 3349 »14.
2017 3266 2171 3348 Ego
2234 3264 2517 3348 Cinsige

410 3369 775 3451 episcopus
829 3367 1148 3432 consensi
1209 3375 1281 3432 et
1337 3368 1714 3449 subscripsi
1754 3368 1832 3449 »14
1849 3414 1865 3432 .
1957 3365 2112 3447 Ego
2174 3365 2517 3429 Wlfhelm

410 3469 774 3551 episcopus
828 3467 1144 3531 consensi
1193 3474 1263 3532 et
1315 3466 1694 3548 subscripsi
1737 3466 1815 3547 »14
1832 3512 1849 3528 .
1958 3465 2111 3546 Ego
2168 3463 2519 3529 Leofwine

404 3558 777 3651 ‘episcopus
795 3567 1112 3631 consensi
1134 3574 1204 3632 et
1225 3566 1600 3648 subscripsi
1629 3565 1707 3646 »14
1724 3612 1740 3628 .
1813 3564 1968 3647 Ego
1992 3562 2282 3645 Eadwig
2303 3564 2518 3628 cliton

411 3665 730 3731 consensi
757 3672 828 3731 et
860 3666 1237 3748 subscripsi
1259 3667 1337 3748 »14
1354 3712 1370 3730 .
1445 3666 1600 3746 Ego
1628 3663 1911 3746 Eadgar
1940 3664 2152 3728 cliton
2170 3665 2282 3745 »14.
2365 3664 2520 3746 Ego

413 3764 776 3832 AEiielstan
819 3766 965 3830 dux
995 3767 1073 3848 »14
1090 3813 1106 3829 .
1200 3766 1354 3847 Ego
1388 3764 1750 3829 AEiSelstan
1781 3764 1926 3828 dux
1949 3765 2027 3846 »14
2044 3810 2060 3828 .
2154 3763 2308 3844 Ego
2331 3763 2518 3828 Ead-

412 3866 622 3930 mund
655 3866 801 3936 dux
830 3867 908 3948 »14
926 3914 941 3929 .
1061 3865 1216 3947 Ego
1244 3863 1591 3930 Birhtfeffi
1619 3864 1760 3928 dux
1794 3866 1906 3947 »14.
2001 3864 2152 3945 Ego
2172 3862 2519 3947 AEpelsige

411 3966 556 4029 dux
591 3967 701 4048 »14.
826 3965 979 4047 Ego
1046 3964 1340 4047 AElfsige
1420 3965 1734 4031 minister
1779 3964 1892 4045 »14.
2020 3963 2174 4044 Ego
2242 3961 2516 4026 AElfech

411 4065 725 4130 minister
761 4067 838 4145 »14
857 4114 872 4128 .
