3044 5019
897 480 1244 528 cHAR'rAE
1294 480 1977 530 ANGLoSAxochB.
2355 465 2487 530 297

391 638 617 703 Clare.
651 638 998 719 Wigstan.
1054 644 1262 719 atque
1310 638 1386 717 ›1‹
1424 637 1744 719 AElssige.
1882 638 2207 701 Dunstan
2273 638 2490 701 abbas

387 739 526 802 ond
561 738 841 802 Oscetel
876 736 1222 802 circwaerd
1255 737 1656 820 triumphali
1699 738 2060 820 signaculo
2094 737 2496 819 sigillabant

387 839 766 903 caelotenus
794 838 1176 903 titulantes.

1142 1034 1742 1102 ccccxxvn.

1141 1154 1581 1262 ΕᾸΒΒΕΒ,
1625 1183 1779 1248 949.

505 1337 581 1416 ›1‹
620 1335 710 1400 ΙΝ
762 1338 1147 1402 aeternitate
1206 1336 1492 1420 perenni
1562 1333 1780 1399 cosmi
1821 1331 2057 1396 sother
2104 1332 2288 1398 omia
2339 1336 2492 1400 iura

396 1455 696 1518 regnoru
753 1437 839 1499 ab
887 1437 1030 1501 alto
1088 1437 1217 1501 celi
1283 1436 1580 1500 culmine
1646 1434 2042 1515 gubernans
2114 1452 2196 1496 ac
2262 1435 2494 1519 dispo-

394 1554 566 1598 nens
627 1537 746 1618 qui
817 1536 1093 1618 quidem
1135 1503 1440 1601 scientie
1491 1535 1677 1598 dona
1736 1533 2183 1597 monstrando
2252 1535 2494 1599 indefi-

393 1634 653 1699 cienter
729 1636 1152 1719 conspicitur
1227 1602 1449 1700 celum
1516 1653 1598 1697 ac
1674 1632 1859 1697 terra
1931 1652 2369 1717 camposque
2410 1637 2494 1699 li-

393 1742 685 1816 quentes
761 1735 1241 1818 lucentemque
1276 1703 1536 1816 globu
1607 1733 1771 1796 lune
1848 1733 2232 1815 titaniaque
2303 1741 2495 1798 astra

393 1853 522 1897 sua
585 1834 913 1898 ineffabili
974 1838 1204 1917 gratia
1260 1852 1558 1916 regnens
1619 1839 1689 1896 et
1753 1831 2172 1898 custodiens.
2299 1833 2493 1912 Qua-

391 1942 677 2016 propter
741 1954 871 2015 ego
928 1936 1334 2000 Eadredus.
1371 1934 1609 1997 diuina
1668 1932 2070 2012 indulgente
2130 1932 2494 2000 clementia

392 2054 520 2097 rex
547 2034 946 2116 anglorum.
973 2036 1244 2099 cuidam
1276 2034 1444 2097 mihi
1475 2033 1720 2096 intimo
1742 2032 2187 2139 precordialis
2240 2033 2492 2098 affectu

393 2135 649 2197 amoris
675 2134 898 2198 fideli.
921 2134 1130 2199 immo
1152 2142 1224 2199 et
1255 2132 1622 2218 priuilegio
1654 2104 2089 2196 dilectionis
2071 2152 2144 2196 ιιι
2179 2136 2494 2198 omnibus

394 2232 563 2296 mihi
611 2253 773 2297 caro
812 2234 1120 2298 uocitato
1166 2234 1495 2299 nomine.
1520 2232 1932 2297 Uuulfrico.
1961 2249 2195 2296 xvln.
2217 2253 2494 2297 mansas

397 2332 555 2396 dedi
589 2382 607 2398 .
642 2335 715 2397 in
747 2333 868 2398 illo
911 2335 1065 2398 loco
1106 2335 1224 2398 ubi
1267 2332 1596 2398 iamdudu
1634 2330 1915 2395 solicole
1961 2330 2147 2394 illius
2193 2333 2494 2414 regionis

397 2452 647 2496 nomen
676 2434 1182 2516 inposuerunt.
1215 2441 1307 2498 aet
1334 2431 1784 2515 weligforda.
1804 2450 1932 2515 pro
1957 2432 2493 2497 commutatione

396 2534 684 2598 alterius
754 2541 936 2599 terre
1007 2552 1141 2641 que
1196 2536 1333 2599 sita
1384 2557 1420 2597 e
1465 2534 1540 2596 in
1593 2532 1923 2597 cornubio
1968 2539 2344 2597 narratur.
2379 2535 2497 2597 ubi

396 2634 692 2698 ruricole
734 2601 928 2696 illius
957 2601 1134 2718 pagi
1159 2634 1519 2698 barbarico
1560 2632 1836 2696 nomine
1883 2632 2292 2713 appellant.
2324 2653 2494 2716 pen-

356 2733 641 2816 'dyfig.
679 2740 1020 2815 quatenus
1052 2735 1305 2798 habeat
1348 2753 1431 2797 ac
1480 2731 1834 2816 possideat
1864 2730 2194 2813 quamdiu
2243 2733 2495 2799 uiuat.

398 2841 469 2897 et
517 2840 676 2914 post
722 2853 797 2896 se
852 2835 1256 2918 cuicumque
1304 2833 1435 2896 sibi
1473 2831 1752 2895 libuerit
1799 2831 2154 2913 superstiti
2205 2832 2498 2897 derelin-

400 2940 571 3014 quat
623 2932 695 2996 in
750 2940 1078 2998 aeternam
1153 2933 1627 2998 hereditatem.
1731 2930 1839 2994 Sit
1897 2937 2129 2993 autem
2184 2931 2497 3031 predictu

398 3052 517 3095 rus
542 3032 716 3096 liber
742 3035 829 3096 ab
863 3035 1049 3098 omni
1080 3032 1415 3097 mundiali
1460 3030 1821 3095 obstaculo
1865 3049 2022 3092 cum
2062 2997 2376 3094 omnibus
2408 3033 2495 3096 ad

403 3152 477 3196 se
542 3133 672 3197 rite
728 3134 1280 3215 pertinentibus.
1306 3130 1609 3213 campis.
1628 3128 1943 3212 pascuis.
1970 3131 2235 3211 pratiS.
2256 3132 2496 3197 siluis.

399 3240 690 3316 excepto
729 3234 1074 3297 communi
1116 3234 1353 3297 labore
1392 3230 1832 3313 expeditione
1866 3276 1881 3294 .
1916 3230 2147 3311 pontis
2186 3278 2202 3295 .
2228 3233 2496 3297 arcisue

397 3332 959 3397 coaedificatione.
1065 3334 1140 3397 Si
1191 3333 1347 3416 quis
1401 3352 1569 3395 uero
1620 3330 1972 3394 hominum
2034 3330 2211 3395 hanc
2271 3353 2494 3397 meam

399 3432 840 3497 donationem
869 3452 1026 3496 cum
1062 3432 1357 3497 stultitie
1400 3432 1788 3495 temeritate
1837 3430 2215 3494 iactitando
2251 3432 2495 3495 infrin-

399 3551 561 3612 gere
610 3533 1033 3597 certauerit.
1069 3534 1160 3597 sit
1190 3499 1350 3616 ipse
1373 3531 1701 3613 grauibus
1746 3549 1871 3613 per
1898 3530 2079 3594 colla
2129 3530 2496 3612 depressus

397 3631 657 3695 catenis
689 3631 870 3696 inter
897 3631 1325 3696 flamiuomas
1365 3638 1701 3695 tetrorum
1733 3630 2096 3693 demonum
2131 3637 2489 3697 cateruas.

400 3730 561 3794 Nisi
591 3731 782 3812 prius
817 3731 928 3796 hic
957 3732 1044 3795 ad
1073 3732 1620 3796 satisfactionem
1651 3729 1886 3793 uenire
1917 3731 2344 3794 maluerit..

500 3829 684 3893 Acta
715 3839 823 3896 est
853 3832 1001 3896 haec
1034 3832 1301 3939 prefata
1324 3831 1649 3896 donatio.
1675 3828 1883 3893 Anno
1907 3830 1995 3892 ab
2020 3830 2496 3896 incarnatione

395 3929 516 3993 diii
549 3930 651 3993 nissi
681 3924 802 3994 issu
834 3930 956 4018 xpi
996 3948 1462 3996 .1)οοοοΧι,ΙΧ.
1498 3930 1890 3994 IndIctione
1924 3946 2069 3993 ..vn

509 4032 585 4111 ›1‹
618 4030 772 4112 Ego
802 4031 1138 4095 eadredus
1168 4052 1294 4095 rex
1337 4031 1702 4112 anglorum
1747 4027 2088 4134 prefatam
2123 4028 2498 4095 donatione

392 4130 526 4192 sub
556 4129 786 4209 sigillo
817 4133 933 4196 sce
964 4131 1185 4196 crucis
1217 4132 1296 4213 >1⁴
1324 4094 1902 4193 indeclinabiliter
1932 4130 2249 4192 consensi
2289 4137 2499 4213 atque

394 4230 740 4295 roboraui.
