<?xml version="1.0" encoding="UTF-8"?>
<!DOCTYPE html PUBLIC "-//W3C//DTD XHTML 1.0 Transitional//EN"
    "http://www.w3.org/TR/xhtml1/DTD/xhtml1-transitional.dtd">
<html xmlns="http://www.w3.org/1999/xhtml" xml:lang="en" lang="en">
 <head>
  <title>
</title>
<meta http-equiv="Content-Type" content="text/html;charset=utf-8" />
  <meta name='ocr-system' content='tesseract 3.04.00' />
  <meta name='ocr-capabilities' content='ocr_page ocr_carea ocr_par ocr_line ocrx_word'/>
</head>
<body>
  <div class='ocr_page' id='page_1' title='image "./codexdiplomatic05kembgoog_0363.png"; bbox 0 0 3044 5019; ppageno 0'>
   <div class='ocr_carea' id='block_1_1' title="bbox 902 434 2510 499">
    <p class='ocr_par' dir='ltr' id='par_1_1' title="bbox 902 434 2510 499">
     <span class='ocr_line' id='line_1_1' title="bbox 902 434 2510 499; baseline 0.002 -3"><span class='ocrx_word' id='word_1_1' title='bbox 902 451 1246 499; x_wconf 75' lang='lat' dir='ltr'><strong>anR&#39;rAE</strong></span> <span class='ocrx_word' id='word_1_2' title='bbox 1291 451 1977 499; x_wconf 71' lang='lat' dir='ltr'><strong>ANcLosAxochss.</strong></span> <span class='ocrx_word' id='word_1_3' title='bbox 2379 434 2510 499; x_wconf 83' lang='lat'><strong>307</strong></span> 
     </span>
    </p>
   </div>
   <div class='ocr_carea' id='block_1_2' title="bbox 396 602 2512 2794">
    <p class='ocr_par' dir='ltr' id='par_1_2' title="bbox 396 602 2512 1691">
     <span class='ocr_line' id='line_1_2' title="bbox 400 602 2511 690; baseline 0.002 -20"><span class='ocrx_word' id='word_1_4' title='bbox 400 624 907 684; x_wconf 89' lang='lat' dir='ltr'><strong>successorum,</strong></span> <span class='ocrx_word' id='word_1_5' title='bbox 938 626 1067 675; x_wconf 76' lang='lat' dir='ltr'><strong>nec</strong></span> <span class='ocrx_word' id='word_1_6' title='bbox 1098 626 1254 670; x_wconf 90' lang='lat' dir='ltr'><strong>cum</strong></span> <span class='ocrx_word' id='word_1_7' title='bbox 1292 608 1583 690; x_wconf 88' lang='lat' dir='ltr'><strong>antiqua</strong></span> <span class='ocrx_word' id='word_1_8' title='bbox 1622 616 1840 686; x_wconf 86' lang='lat' dir='ltr'><strong>carta,</strong></span> <span class='ocrx_word' id='word_1_9' title='bbox 1876 629 2002 673; x_wconf 92' lang='lat' dir='ltr'><strong>nec</strong></span> <span class='ocrx_word' id='word_1_10' title='bbox 2033 628 2187 674; x_wconf 91' lang='lat' dir='ltr'><strong>cum</strong></span> <span class='ocrx_word' id='word_1_11' title='bbox 2218 602 2511 674; x_wconf 89' lang='lat' dir='ltr'><strong>alicuius</strong></span> 
     </span>
     <span class='ocr_line' id='line_1_3' title="bbox 398 707 2508 792; baseline 0.002 -23"><span class='ocrx_word' id='word_1_12' title='bbox 398 707 662 788; x_wconf 83' lang='lat' dir='ltr'><strong>ingenii</strong></span> <span class='ocrx_word' id='word_1_13' title='bbox 706 708 1116 789; x_wconf 82' lang='lat' dir='ltr'><strong>sagacitate,</strong></span> <span class='ocrx_word' id='word_1_14' title='bbox 1160 708 1488 790; x_wconf 85' lang='lat' dir='ltr'><strong>quamdiu</strong></span> <span class='ocrx_word' id='word_1_15' title='bbox 1535 708 2004 774; x_wconf 82' lang='lat' dir='ltr'><strong>christianitas</strong></span> <span class='ocrx_word' id='word_1_16' title='bbox 2063 711 2327 792; x_wconf 86' lang='lat' dir='ltr'><strong>uigeat,</strong></span> <span class='ocrx_word' id='word_1_17' title='bbox 2378 710 2508 774; x_wconf 96' lang='lat' dir='ltr'><strong>hoc</strong></span> 
     </span>
     <span class='ocr_line' id='line_1_4' title="bbox 400 807 2512 893; baseline 0.002 -23"><span class='ocrx_word' id='word_1_18' title='bbox 400 815 716 872; x_wconf 89' lang='lat' dir='ltr'><strong>nostrum</strong></span> <span class='ocrx_word' id='word_1_19' title='bbox 764 807 1115 872; x_wconf 91' lang='lat' dir='ltr'><strong>decretum</strong></span> <span class='ocrx_word' id='word_1_20' title='bbox 1161 808 1414 871; x_wconf 86' lang='lat' dir='ltr'><strong>audeat</strong></span> <span class='ocrx_word' id='word_1_21' title='bbox 1455 809 1742 873; x_wconf 87' lang='lat' dir='ltr'><strong>uiolare.</strong></span> <span class='ocrx_word' id='word_1_22' title='bbox 1850 811 1943 874; x_wconf 90' lang='lat' dir='ltr'><strong>Et</strong></span> <span class='ocrx_word' id='word_1_23' title='bbox 1976 811 2289 893; x_wconf 89' lang='lat' dir='ltr'><strong>quisquis</strong></span> <span class='ocrx_word' id='word_1_24' title='bbox 2317 811 2512 874; x_wconf 90' lang='lat' dir='ltr'><strong>beni-</strong></span> 
     </span>
     <span class='ocr_line' id='line_1_5' title="bbox 400 908 2509 993; baseline 0.002 -23"><span class='ocrx_word' id='word_1_25' title='bbox 400 908 567 971; x_wconf 90' lang='lat' dir='ltr'><strong>uola</strong></span> <span class='ocrx_word' id='word_1_26' title='bbox 604 914 831 971; x_wconf 89' lang='lat' dir='ltr'><strong>mente</strong></span> <span class='ocrx_word' id='word_1_27' title='bbox 858 927 1082 973; x_wconf 88' lang='lat' dir='ltr'><strong>meam</strong></span> <span class='ocrx_word' id='word_1_28' title='bbox 1109 908 1554 972; x_wconf 84' lang='lat' dir='ltr'><strong>donationem</strong></span> <span class='ocrx_word' id='word_1_29' title='bbox 1586 910 2008 992; x_wconf 86' lang='lat' dir='ltr'><strong>amplificare</strong></span> <span class='ocrx_word' id='word_1_30' title='bbox 2043 912 2403 993; x_wconf 85' lang='lat' dir='ltr'><strong>satagerit,</strong></span> <span class='ocrx_word' id='word_1_31' title='bbox 2436 912 2509 974; x_wconf 92' lang='lat' dir='ltr'><strong>in</strong></span> 
     </span>
     <span class='ocr_line' id='line_1_6' title="bbox 401 1006 2509 1093; baseline 0.002 -23"><span class='ocrx_word' id='word_1_32' title='bbox 401 1006 533 1079; x_wconf 92' lang='lat' dir='ltr'><strong>hoc</strong></span> <span class='ocrx_word' id='word_1_33' title='bbox 575 1008 923 1091; x_wconf 84' lang='lat' dir='ltr'><strong>praesenti</strong></span> <span class='ocrx_word' id='word_1_34' title='bbox 967 1008 1245 1072; x_wconf 89' lang='lat' dir='ltr'><strong>saeculo</strong></span> <span class='ocrx_word' id='word_1_35' title='bbox 1293 1009 1509 1072; x_wconf 88' lang='lat' dir='ltr'><strong>uitam</strong></span> <span class='ocrx_word' id='word_1_36' title='bbox 1557 1008 1744 1073; x_wconf 90' lang='lat' dir='ltr'><strong>illius</strong></span> <span class='ocrx_word' id='word_1_37' title='bbox 1796 1029 2128 1093; x_wconf 88' lang='lat' dir='ltr'><strong>prospera</strong></span> <span class='ocrx_word' id='word_1_38' title='bbox 2176 1011 2509 1074; x_wconf 89' lang='lat' dir='ltr'><strong>foeliciter</strong></span> 
     </span>
     <span class='ocr_line' id='line_1_7' title="bbox 400 1104 2506 1192; baseline 0.002 -23"><span class='ocrx_word' id='word_1_39' title='bbox 400 1106 843 1188; x_wconf 83' lang='lat' dir='ltr'><strong>longiturnae</strong></span> <span class='ocrx_word' id='word_1_40' title='bbox 875 1109 1062 1172; x_wconf 89' lang='lat' dir='ltr'><strong>uitae</strong></span> <span class='ocrx_word' id='word_1_41' title='bbox 1103 1109 1357 1190; x_wconf 84' lang='lat' dir='ltr'><strong>gaudia</strong></span> <span class='ocrx_word' id='word_1_42' title='bbox 1399 1104 1682 1174; x_wconf 90' lang='lat' dir='ltr'><strong>teneat.l</strong></span> <span class='ocrx_word' id='word_1_43' title='bbox 1778 1110 1852 1173; x_wconf 92' lang='lat' dir='ltr'><strong>Si</strong></span> <span class='ocrx_word' id='word_1_44' title='bbox 1887 1110 2041 1192; x_wconf 90' lang='lat' dir='ltr'><strong>quis</strong></span> <span class='ocrx_word' id='word_1_45' title='bbox 2079 1120 2311 1174; x_wconf 87' lang='lat' dir='ltr'><strong>autem</strong></span> <span class='ocrx_word' id='word_1_46' title='bbox 2343 1131 2506 1192; x_wconf 89' lang='lat' dir='ltr'><strong>pro-</strong></span> 
     </span>
     <span class='ocr_line' id='line_1_8' title="bbox 400 1208 2510 1292; baseline 0.002 -22"><span class='ocrx_word' id='word_1_47' title='bbox 400 1208 555 1290; x_wconf 90' lang='lat' dir='ltr'><strong>pria</strong></span> <span class='ocrx_word' id='word_1_48' title='bbox 580 1209 968 1272; x_wconf 88' lang='lat' dir='ltr'><strong>temeritate</strong></span> <span class='ocrx_word' id='word_1_49' title='bbox 1002 1208 1342 1272; x_wconf 89' lang='lat' dir='ltr'><strong>uiolenter</strong></span> <span class='ocrx_word' id='word_1_50' title='bbox 1377 1209 1703 1272; x_wconf 88' lang='lat' dir='ltr'><strong>inuadere</strong></span> <span class='ocrx_word' id='word_1_51' title='bbox 1745 1211 2304 1292; x_wconf 88' lang='lat' dir='ltr'><strong>praesumpserit,</strong></span> <span class='ocrx_word' id='word_1_52' title='bbox 2334 1212 2510 1274; x_wconf 89' lang='lat' dir='ltr'><strong>sciat</strong></span> 
     </span>
     <span class='ocr_line' id='line_1_9' title="bbox 403 1307 2506 1389; baseline 0 -18"><span class='ocrx_word' id='word_1_53' title='bbox 403 1327 480 1371; x_wconf 89' lang='lat' dir='ltr'><strong>se</strong></span> <span class='ocrx_word' id='word_1_54' title='bbox 509 1307 960 1389; x_wconf 84' lang='lat' dir='ltr'><strong>proculdubio</strong></span> <span class='ocrx_word' id='word_1_55' title='bbox 1005 1315 1167 1372; x_wconf 92' lang='lat' dir='ltr'><strong>ante</strong></span> <span class='ocrx_word' id='word_1_56' title='bbox 1207 1309 1536 1372; x_wconf 17' lang='lat' dir='ltr'><strong>tribunal.</strong></span> <span class='ocrx_word' id='word_1_57' title='bbox 1566 1309 1862 1373; x_wconf 89' lang='lat' dir='ltr'><strong>districti</strong></span> <span class='ocrx_word' id='word_1_58' title='bbox 1908 1309 2154 1373; x_wconf 92' lang='lat' dir='ltr'><strong>iudicis</strong></span> <span class='ocrx_word' id='word_1_59' title='bbox 2199 1310 2506 1373; x_wconf 83' lang='lat' dir='ltr'><strong>tituban-</strong></span> 
     </span>
     <span class='ocr_line' id='line_1_10' title="bbox 396 1408 2507 1492; baseline 0.001 -22"><span class='ocrx_word' id='word_1_60' title='bbox 396 1414 539 1470; x_wconf 90' lang='lat' dir='ltr'><strong>tem</strong></span> <span class='ocrx_word' id='word_1_61' title='bbox 578 1408 1236 1491; x_wconf 90' lang='lat' dir='ltr'><strong>tremebundumque</strong></span> <span class='ocrx_word' id='word_1_62' title='bbox 1274 1410 1614 1473; x_wconf 87' lang='lat' dir='ltr'><strong>rationem</strong></span> <span class='ocrx_word' id='word_1_63' title='bbox 1664 1409 2116 1487; x_wconf 88' lang='lat' dir='ltr'><strong>redditurum,</strong></span> <span class='ocrx_word' id='word_1_64' title='bbox 2146 1410 2280 1473; x_wconf 91' lang='lat' dir='ltr'><strong>nisi</strong></span> <span class='ocrx_word' id='word_1_65' title='bbox 2315 1410 2507 1492; x_wconf 86' lang='lat' dir='ltr'><strong>prius</strong></span> 
     </span>
     <span class='ocr_line' id='line_1_11' title="bbox 403 1507 2507 1589; baseline 0.001 -19"><span class='ocrx_word' id='word_1_66' title='bbox 403 1507 617 1589; x_wconf 84' lang='lat' dir='ltr'><strong>digna</strong></span> <span class='ocrx_word' id='word_1_67' title='bbox 655 1507 1125 1572; x_wconf 87' lang='lat' dir='ltr'><strong>satisfactione</strong></span> <span class='ocrx_word' id='word_1_68' title='bbox 1171 1509 1534 1574; x_wconf 88' lang='lat' dir='ltr'><strong>emendare</strong></span> <span class='ocrx_word' id='word_1_69' title='bbox 1578 1510 1919 1574; x_wconf 85' lang='lat' dir='ltr'><strong>maluerit.</strong></span> <span class='ocrx_word' id='word_1_70' title='bbox 2027 1511 2120 1573; x_wconf 90' lang='lat' dir='ltr'><strong>Et</strong></span> <span class='ocrx_word' id='word_1_71' title='bbox 2160 1509 2292 1572; x_wconf 92' lang='lat' dir='ltr'><strong>hiis</strong></span> <span class='ocrx_word' id='word_1_72' title='bbox 2326 1510 2507 1573; x_wconf 91' lang='lat' dir='ltr'><strong>limi-</strong></span> 
     </span>
     <span class='ocr_line' id='line_1_12' title="bbox 402 1608 1647 1691; baseline 0.001 -20"><span class='ocrx_word' id='word_1_73' title='bbox 402 1609 588 1672; x_wconf 91' lang='lat' dir='ltr'><strong>tibus</strong></span> <span class='ocrx_word' id='word_1_74' title='bbox 617 1608 788 1672; x_wconf 93' lang='lat' dir='ltr'><strong>haec</strong></span> <span class='ocrx_word' id='word_1_75' title='bbox 815 1608 1081 1671; x_wconf 90' lang='lat' dir='ltr'><strong>telluris</strong></span> <span class='ocrx_word' id='word_1_76' title='bbox 1113 1608 1480 1691; x_wconf 88' lang='lat' dir='ltr'><strong>particula,</strong></span> <span class='ocrx_word' id='word_1_77' title='bbox 1516 1617 1647 1673; x_wconf 86' lang='lat' dir='ltr'><strong>etc.</strong></span> 
     </span>
    </p>

    <p class='ocr_par' dir='ltr' id='par_1_3' title="bbox 401 1706 2508 2794">
     <span class='ocr_line' id='line_1_13' title="bbox 524 1706 2506 1792; baseline 0.002 -21"><span class='ocrx_word' id='word_1_78' title='bbox 524 1712 600 1790; x_wconf 97' lang='grc'><strong>’14</strong></span> <span class='ocrx_word' id='word_1_79' title='bbox 630 1708 784 1788; x_wconf 85' lang='lat' dir='ltr'><strong>Ego</strong></span> <span class='ocrx_word' id='word_1_80' title='bbox 845 1708 1147 1790; x_wconf 79' lang='lat' dir='ltr'><strong>Eadwig&#39;</strong></span> <span class='ocrx_word' id='word_1_81' title='bbox 1192 1728 1317 1772; x_wconf 85' lang='lat' dir='ltr'><strong>rex</strong></span> <span class='ocrx_word' id='word_1_82' title='bbox 1361 1706 1778 1791; x_wconf 85' lang='lat' dir='ltr'><strong>Anglorum,</strong></span> <span class='ocrx_word' id='word_1_83' title='bbox 1843 1708 2226 1792; x_wconf 86' lang='lat' dir='ltr'><strong>praefatam</strong></span> <span class='ocrx_word' id='word_1_84' title='bbox 2291 1712 2506 1775; x_wconf 88' lang='lat' dir='ltr'><strong>dona-</strong></span> 
     </span>
     <span class='ocr_line' id='line_1_14' title="bbox 401 1808 2507 1890; baseline 0.001 -19"><span class='ocrx_word' id='word_1_85' title='bbox 401 1809 659 1873; x_wconf 88' lang='lat' dir='ltr'><strong>tionem</strong></span> <span class='ocrx_word' id='word_1_86' title='bbox 690 1809 818 1870; x_wconf 90' lang='lat' dir='ltr'><strong>sub</strong></span> <span class='ocrx_word' id='word_1_87' title='bbox 862 1808 1091 1890; x_wconf 84' lang='lat' dir='ltr'><strong>sigillo</strong></span> <span class='ocrx_word' id='word_1_88' title='bbox 1140 1815 1423 1873; x_wconf 86' lang='lat' dir='ltr'><strong>sanctae</strong></span> <span class='ocrx_word' id='word_1_89' title='bbox 1463 1809 1685 1872; x_wconf 87' lang='lat' dir='ltr'><strong>crucis</strong></span> <span class='ocrx_word' id='word_1_90' title='bbox 1724 1809 2299 1875; x_wconf 89' lang='lat' dir='ltr'><strong>indeclinabiliter</strong></span> <span class='ocrx_word' id='word_1_91' title='bbox 2343 1831 2507 1874; x_wconf 93' lang='lat' dir='ltr'><strong>con-</strong></span> 
     </span>
     <span class='ocr_line' id='line_1_15' title="bbox 404 1908 2507 1990; baseline 0.002 -20"><span class='ocrx_word' id='word_1_92' title='bbox 404 1909 589 1972; x_wconf 87' lang='lat' dir='ltr'><strong>sensi</strong></span> <span class='ocrx_word' id='word_1_93' title='bbox 617 1915 826 1989; x_wconf 88' lang='lat' dir='ltr'><strong>atque</strong></span> <span class='ocrx_word' id='word_1_94' title='bbox 854 1909 1197 1972; x_wconf 86' lang='lat' dir='ltr'><strong>roboraui.</strong></span> <span class='ocrx_word' id='word_1_95' title='bbox 1314 1910 1393 1989; x_wconf 85' lang='grc'><strong>’14</strong></span> <span class='ocrx_word' id='word_1_96' title='bbox 1423 1909 1577 1990; x_wconf 85' lang='lat' dir='ltr'><strong>Ego</strong></span> <span class='ocrx_word' id='word_1_97' title='bbox 1617 1908 1900 1990; x_wconf 84' lang='lat' dir='ltr'><strong>Eadgar</strong></span> <span class='ocrx_word' id='word_1_98' title='bbox 1947 1908 2161 1973; x_wconf 87' lang='lat' dir='ltr'><strong>frater</strong></span> <span class='ocrx_word' id='word_1_99' title='bbox 2204 1911 2507 1974; x_wconf 91' lang='lat' dir='ltr'><strong>eiusdem</strong></span> 
     </span>
     <span class='ocr_line' id='line_1_16' title="bbox 406 2008 2505 2092; baseline 0.002 -22"><span class='ocrx_word' id='word_1_100' title='bbox 406 2009 616 2090; x_wconf 81' lang='lat' dir='ltr'><strong>regis,</strong></span> <span class='ocrx_word' id='word_1_101' title='bbox 646 2027 802 2071; x_wconf 91' lang='lat' dir='ltr'><strong>cum</strong></span> <span class='ocrx_word' id='word_1_102' title='bbox 846 2008 1078 2089; x_wconf 86' lang='lat' dir='ltr'><strong>sigillo</strong></span> <span class='ocrx_word' id='word_1_103' title='bbox 1123 2016 1409 2072; x_wconf 88' lang='lat' dir='ltr'><strong>sanctae</strong></span> <span class='ocrx_word' id='word_1_104' title='bbox 1437 2009 1661 2073; x_wconf 89' lang='lat' dir='ltr'><strong>crucis</strong></span> <span class='ocrx_word' id='word_1_105' title='bbox 1701 2009 2127 2072; x_wconf 89' lang='lat' dir='ltr'><strong>confirmaui.</strong></span> <span class='ocrx_word' id='word_1_106' title='bbox 2243 2014 2319 2092; x_wconf 97' lang='grc'><strong>’14</strong></span> <span class='ocrx_word' id='word_1_107' title='bbox 2352 2011 2505 2092; x_wconf 85' lang='lat' dir='ltr'><strong>Ego</strong></span> 
     </span>
     <span class='ocr_line' id='line_1_17' title="bbox 408 2107 2505 2193; baseline 0.001 -23"><span class='ocrx_word' id='word_1_108' title='bbox 408 2108 563 2183; x_wconf 85' lang='lat' dir='ltr'><strong>Odo</strong></span> <span class='ocrx_word' id='word_1_109' title='bbox 610 2107 1114 2172; x_wconf 89' lang='lat' dir='ltr'><strong>Doroborensis</strong></span> <span class='ocrx_word' id='word_1_110' title='bbox 1158 2107 1535 2173; x_wconf 90' lang='lat' dir='ltr'><strong>aecclesiae</strong></span> <span class='ocrx_word' id='word_1_111' title='bbox 1576 2109 2160 2193; x_wconf 86' lang='lat' dir='ltr'><strong>archiepiscopus,</strong></span> <span class='ocrx_word' id='word_1_112' title='bbox 2198 2111 2505 2174; x_wconf 91' lang='lat' dir='ltr'><strong>eiusdem</strong></span> 
     </span>
     <span class='ocr_line' id='line_1_18' title="bbox 402 2208 2506 2291; baseline 0.002 -20"><span class='ocrx_word' id='word_1_113' title='bbox 402 2209 588 2288; x_wconf 85' lang='lat' dir='ltr'><strong>regis</strong></span> <span class='ocrx_word' id='word_1_114' title='bbox 652 2208 1112 2291; x_wconf 88' lang='lat' dir='ltr'><strong>principatum</strong></span> <span class='ocrx_word' id='word_1_115' title='bbox 1187 2217 1256 2273; x_wconf 91' lang='lat' dir='ltr'><strong>et</strong></span> <span class='ocrx_word' id='word_1_116' title='bbox 1327 2209 1880 2273; x_wconf 88' lang='lat' dir='ltr'><strong>beneuolentiam</strong></span> <span class='ocrx_word' id='word_1_117' title='bbox 1954 2210 2152 2291; x_wconf 83' lang='lat' dir='ltr'><strong>signo</strong></span> <span class='ocrx_word' id='word_1_118' title='bbox 2224 2219 2506 2275; x_wconf 87' lang='lat' dir='ltr'><strong>sanctae</strong></span> 
     </span>
     <span class='ocr_line' id='line_1_19' title="bbox 406 2308 2508 2393; baseline 0.001 -22"><span class='ocrx_word' id='word_1_119' title='bbox 406 2309 629 2372; x_wconf 90' lang='lat' dir='ltr'><strong>crucis</strong></span> <span class='ocrx_word' id='word_1_120' title='bbox 679 2308 1076 2391; x_wconf 86' lang='lat' dir='ltr'><strong>perstrinxi.</strong></span> <span class='ocrx_word' id='word_1_121' title='bbox 1208 2311 1287 2390; x_wconf 85' lang='grc'><strong>’14</strong></span> <span class='ocrx_word' id='word_1_122' title='bbox 1322 2309 1475 2390; x_wconf 85' lang='lat' dir='ltr'><strong>Ego</strong></span> <span class='ocrx_word' id='word_1_123' title='bbox 1533 2309 1889 2373; x_wconf 87' lang='lat' dir='ltr'><strong>Wulfstan</strong></span> <span class='ocrx_word' id='word_1_124' title='bbox 1952 2309 2508 2393; x_wconf 87' lang='lat' dir='ltr'><strong>archiepiscopus</strong></span> 
     </span>
     <span class='ocr_line' id='line_1_20' title="bbox 406 2408 2508 2490; baseline 0.001 -20"><span class='ocrx_word' id='word_1_125' title='bbox 406 2408 831 2490; x_wconf 90' lang='lat' dir='ltr'><strong>praedictum</strong></span> <span class='ocrx_word' id='word_1_126' title='bbox 886 2408 1143 2472; x_wconf 92' lang='lat' dir='ltr'><strong>donum</strong></span> <span class='ocrx_word' id='word_1_127' title='bbox 1201 2410 1543 2473; x_wconf 88' lang='lat' dir='ltr'><strong>consensi.</strong></span> <span class='ocrx_word' id='word_1_128' title='bbox 1673 2410 1752 2489; x_wconf 88' lang='grc'><strong>’14</strong></span> <span class='ocrx_word' id='word_1_129' title='bbox 1782 2410 1937 2490; x_wconf 82' lang='lat' dir='ltr'><strong>Ego</strong></span> <span class='ocrx_word' id='word_1_130' title='bbox 1974 2410 2244 2489; x_wconf 9' lang='lat' dir='ltr'><strong>*AElfsie</strong></span> <span class='ocrx_word' id='word_1_131' title='bbox 2307 2410 2508 2474; x_wconf 91' lang='lat' dir='ltr'><strong>Win-</strong></span> 
     </span>
     <span class='ocr_line' id='line_1_21' title="bbox 408 2507 2507 2593; baseline 0.002 -20"><span class='ocrx_word' id='word_1_132' title='bbox 408 2507 742 2573; x_wconf 90' lang='lat' dir='ltr'><strong>toniensis</strong></span> <span class='ocrx_word' id='word_1_133' title='bbox 801 2508 1179 2573; x_wconf 88' lang='lat' dir='ltr'><strong>aecclesiae</strong></span> <span class='ocrx_word' id='word_1_134' title='bbox 1243 2511 1608 2593; x_wconf 89' lang='lat' dir='ltr'><strong>episcopus</strong></span> <span class='ocrx_word' id='word_1_135' title='bbox 1663 2511 2124 2575; x_wconf 88' lang='lat' dir='ltr'><strong>corroboraui.</strong></span> <span class='ocrx_word' id='word_1_136' title='bbox 2239 2512 2318 2591; x_wconf 83' lang='grc'><strong>’14</strong></span> <span class='ocrx_word' id='word_1_137' title='bbox 2353 2512 2507 2593; x_wconf 82' lang='lat' dir='ltr'><strong>Ego</strong></span> 
     </span>
     <span class='ocr_line' id='line_1_22' title="bbox 409 2608 2505 2694; baseline 0.001 -21"><span class='ocrx_word' id='word_1_138' title='bbox 409 2608 739 2673; x_wconf 88' lang='lat' dir='ltr'><strong>Cenwald</strong></span> <span class='ocrx_word' id='word_1_139' title='bbox 805 2609 1170 2691; x_wconf 89' lang='lat' dir='ltr'><strong>episcopus</strong></span> <span class='ocrx_word' id='word_1_140' title='bbox 1232 2609 1661 2673; x_wconf 90' lang='lat' dir='ltr'><strong>confirmaui.</strong></span> <span class='ocrx_word' id='word_1_141' title='bbox 1776 2613 1855 2692; x_wconf 85' lang='grc'><strong>’14</strong></span> <span class='ocrx_word' id='word_1_142' title='bbox 1890 2611 2041 2691; x_wconf 86' lang='lat' dir='ltr'><strong>Ego</strong></span> <span class='ocrx_word' id='word_1_143' title='bbox 2093 2609 2308 2675; x_wconf 86' lang='lat' dir='ltr'><strong>Osulf</strong></span> <span class='ocrx_word' id='word_1_144' title='bbox 2362 2613 2505 2694; x_wconf 80' lang='lat' dir='ltr'><strong>epi-</strong></span> 
     </span>
     <span class='ocr_line' id='line_1_23' title="bbox 406 2709 2506 2794; baseline 0.001 -22"><span class='ocrx_word' id='word_1_145' title='bbox 406 2728 659 2792; x_wconf 92' lang='lat' dir='ltr'><strong>scopus</strong></span> <span class='ocrx_word' id='word_1_146' title='bbox 688 2709 1118 2789; x_wconf 83' lang='lat' dir='ltr'><strong>consignaui.</strong></span> <span class='ocrx_word' id='word_1_147' title='bbox 1232 2711 1311 2790; x_wconf 85' lang='grc'><strong>’14</strong></span> <span class='ocrx_word' id='word_1_148' title='bbox 1346 2709 1499 2790; x_wconf 83' lang='lat' dir='ltr'><strong>Ego</strong></span> <span class='ocrx_word' id='word_1_149' title='bbox 1536 2710 1864 2775; x_wconf 88' lang='lat' dir='ltr'><strong>AElfwold</strong></span> <span class='ocrx_word' id='word_1_150' title='bbox 1905 2711 2270 2794; x_wconf 90' lang='lat' dir='ltr'><strong>episcopus</strong></span> <span class='ocrx_word' id='word_1_151' title='bbox 2301 2714 2506 2775; x_wconf 91' lang='lat' dir='ltr'><strong>robo-</strong></span> 
     </span>
    </p>
   </div>
   <div class='ocr_carea' id='block_1_3' title="bbox 276 2808 2503 2893">
    <p class='ocr_par' dir='ltr' id='par_1_4' title="bbox 276 2808 2503 2893">
     <span class='ocr_line' id='line_1_24' title="bbox 276 2808 2503 2893; baseline 0.002 -22"><span class='ocrx_word' id='word_1_152' title='bbox 276 2809 281 2810; x_wconf 62' lang='grc'><em>’</em></span> <span class='ocrx_word' id='word_1_153' title='bbox 402 2810 574 2873; x_wconf 87' lang='lat' dir='ltr'><strong>rani.</strong></span> <span class='ocrx_word' id='word_1_154' title='bbox 690 2812 766 2890; x_wconf 99' lang='grc'><strong>’14</strong></span> <span class='ocrx_word' id='word_1_155' title='bbox 797 2808 949 2889; x_wconf 81' lang='lat' dir='ltr'><strong>Ego</strong></span> <span class='ocrx_word' id='word_1_156' title='bbox 983 2809 1344 2891; x_wconf 90' lang='lat' dir='ltr'><strong>Byrhtelm</strong></span> <span class='ocrx_word' id='word_1_157' title='bbox 1376 2810 1740 2893; x_wconf 90' lang='lat' dir='ltr'><strong>episcopus</strong></span> <span class='ocrx_word' id='word_1_158' title='bbox 1779 2811 2119 2873; x_wconf 90' lang='lat' dir='ltr'><strong>consensi.</strong></span> <span class='ocrx_word' id='word_1_159' title='bbox 2235 2814 2311 2892; x_wconf 99' lang='grc'><strong>’14</strong></span> <span class='ocrx_word' id='word_1_160' title='bbox 2351 2811 2503 2893; x_wconf 83' lang='lat' dir='ltr'><strong>Ego</strong></span> 
     </span>
    </p>
   </div>
   <div class='ocr_carea' id='block_1_4' title="bbox 403 2908 2512 4192">
    <p class='ocr_par' dir='ltr' id='par_1_5' title="bbox 403 2908 2512 4192">
     <span class='ocr_line' id='line_1_25' title="bbox 411 2908 2508 2993; baseline 0 -19"><span class='ocrx_word' id='word_1_161' title='bbox 411 2908 710 2974; x_wconf 86' lang='lat' dir='ltr'><strong>Wulfsie</strong></span> <span class='ocrx_word' id='word_1_162' title='bbox 741 2908 1104 2992; x_wconf 90' lang='lat' dir='ltr'><strong>episcopus</strong></span> <span class='ocrx_word' id='word_1_163' title='bbox 1152 2910 1535 2973; x_wconf 88' lang='lat' dir='ltr'><strong>subarraui.</strong></span> <span class='ocrx_word' id='word_1_164' title='bbox 1648 2911 1727 2990; x_wconf 86' lang='grc'><strong>’14</strong></span> <span class='ocrx_word' id='word_1_165' title='bbox 1758 2910 1911 2991; x_wconf 84' lang='lat' dir='ltr'><strong>Ego</strong></span> <span class='ocrx_word' id='word_1_166' title='bbox 1943 2909 2333 2974; x_wconf 88' lang='lat' dir='ltr'><strong>Wulfhelm</strong></span> <span class='ocrx_word' id='word_1_167' title='bbox 2367 2913 2508 2993; x_wconf 89' lang='lat' dir='ltr'><strong>epi-</strong></span> 
     </span>
     <span class='ocr_line' id='line_1_26' title="bbox 407 3008 2507 3093; baseline 0 -20"><span class='ocrx_word' id='word_1_168' title='bbox 407 3028 656 3091; x_wconf 86' lang='lat' dir='ltr'><strong>scopus</strong></span> <span class='ocrx_word' id='word_1_169' title='bbox 705 3010 979 3089; x_wconf 84' lang='lat' dir='ltr'><strong>signum</strong></span> <span class='ocrx_word' id='word_1_170' title='bbox 1029 3010 1251 3073; x_wconf 92' lang='lat' dir='ltr'><strong>crucis</strong></span> <span class='ocrx_word' id='word_1_171' title='bbox 1309 3008 1627 3091; x_wconf 90' lang='lat' dir='ltr'><strong>inpressi.</strong></span> <span class='ocrx_word' id='word_1_172' title='bbox 1744 3013 1820 3091; x_wconf 99' lang='grc'><strong>’14</strong></span> <span class='ocrx_word' id='word_1_173' title='bbox 1852 3010 2004 3089; x_wconf 84' lang='lat' dir='ltr'><strong>Ego</strong></span> <span class='ocrx_word' id='word_1_174' title='bbox 2040 3008 2313 3074; x_wconf 88' lang='lat' dir='ltr'><strong>Oskitel</strong></span> <span class='ocrx_word' id='word_1_175' title='bbox 2361 3012 2507 3093; x_wconf 84' lang='lat' dir='ltr'><strong>epi-</strong></span> 
     </span>
     <span class='ocr_line' id='line_1_27' title="bbox 406 3108 2505 3193; baseline 0.001 -21"><span class='ocrx_word' id='word_1_176' title='bbox 406 3128 656 3191; x_wconf 86' lang='lat' dir='ltr'><strong>scopus</strong></span> <span class='ocrx_word' id='word_1_177' title='bbox 688 3109 1018 3173; x_wconf 89' lang='lat' dir='ltr'><strong>conclusi.</strong></span> <span class='ocrx_word' id='word_1_178' title='bbox 1134 3113 1210 3191; x_wconf 99' lang='grc'><strong>’14</strong></span> <span class='ocrx_word' id='word_1_179' title='bbox 1242 3110 1395 3191; x_wconf 84' lang='lat' dir='ltr'><strong>Ego</strong></span> <span class='ocrx_word' id='word_1_180' title='bbox 1427 3108 1738 3193; x_wconf 86' lang='lat' dir='ltr'><strong>Kynesie</strong></span> <span class='ocrx_word' id='word_1_181' title='bbox 1773 3110 2135 3193; x_wconf 90' lang='lat' dir='ltr'><strong>episcopus</strong></span> <span class='ocrx_word' id='word_1_182' title='bbox 2166 3112 2505 3175; x_wconf 90' lang='lat' dir='ltr'><strong>consensi.</strong></span> 
     </span>
     <span class='ocr_line' id='line_1_28' title="bbox 418 3205 2508 3293; baseline 0 -21"><span class='ocrx_word' id='word_1_183' title='bbox 418 3211 497 3290; x_wconf 86' lang='grc'><strong>’14</strong></span> <span class='ocrx_word' id='word_1_184' title='bbox 531 3210 686 3290; x_wconf 81' lang='lat' dir='ltr'><strong>Ego</strong></span> <span class='ocrx_word' id='word_1_185' title='bbox 725 3205 947 3271; x_wconf 57' lang='lat' dir='ltr'><strong>Affiulf</strong></span> <span class='ocrx_word' id='word_1_186' title='bbox 979 3209 1345 3293; x_wconf 90' lang='lat' dir='ltr'><strong>episcopus</strong></span> <span class='ocrx_word' id='word_1_187' title='bbox 1399 3211 1824 3292; x_wconf 86' lang='lat' dir='ltr'><strong>consignaui.</strong></span> <span class='ocrx_word' id='word_1_188' title='bbox 1927 3212 2021 3291; x_wconf 82' lang='grc'><strong>’14</strong></span> <span class='ocrx_word' id='word_1_189' title='bbox 2051 3211 2204 3292; x_wconf 85' lang='lat' dir='ltr'><strong>Ego</strong></span> <span class='ocrx_word' id='word_1_190' title='bbox 2256 3211 2508 3275; x_wconf 88' lang='lat' dir='ltr'><strong>Daniel</strong></span> 
     </span>
     <span class='ocr_line' id='line_1_29' title="bbox 403 3309 2505 3392; baseline 0.001 -20"><span class='ocrx_word' id='word_1_191' title='bbox 403 3310 770 3392; x_wconf 86' lang='lat' dir='ltr'><strong>episcopus</strong></span> <span class='ocrx_word' id='word_1_192' title='bbox 801 3309 1147 3373; x_wconf 85' lang='lat' dir='ltr'><strong>benedixi.</strong></span> <span class='ocrx_word' id='word_1_193' title='bbox 1257 3312 1336 3391; x_wconf 86' lang='grc'><strong>’14</strong></span> <span class='ocrx_word' id='word_1_194' title='bbox 1371 3310 1525 3391; x_wconf 85' lang='lat' dir='ltr'><strong>Ego</strong></span> <span class='ocrx_word' id='word_1_195' title='bbox 1567 3310 1977 3374; x_wconf 89' lang='lat' dir='ltr'><strong>Dunstanus</strong></span> <span class='ocrx_word' id='word_1_196' title='bbox 2023 3312 2239 3374; x_wconf 85' lang='lat' dir='ltr'><strong>abbas</strong></span> <span class='ocrx_word' id='word_1_197' title='bbox 2287 3318 2505 3376; x_wconf 91' lang='lat' dir='ltr'><strong>testu-</strong></span> 
     </span>
     <span class='ocr_line' id='line_1_30' title="bbox 404 3409 2509 3492; baseline 0.001 -20"><span class='ocrx_word' id='word_1_198' title='bbox 404 3409 633 3473; x_wconf 90' lang='lat' dir='ltr'><strong>dinem</strong></span> <span class='ocrx_word' id='word_1_199' title='bbox 665 3416 947 3474; x_wconf 89' lang='lat' dir='ltr'><strong>sanctae</strong></span> <span class='ocrx_word' id='word_1_200' title='bbox 977 3411 1198 3473; x_wconf 88' lang='lat' dir='ltr'><strong>crucis</strong></span> <span class='ocrx_word' id='word_1_201' title='bbox 1242 3410 1619 3492; x_wconf 90' lang='lat' dir='ltr'><strong>subscripsi</strong></span> <span class='ocrx_word' id='word_1_202' title='bbox 1654 3418 1725 3474; x_wconf 90' lang='lat' dir='ltr'><strong>et</strong></span> <span class='ocrx_word' id='word_1_203' title='bbox 1751 3410 2183 3474; x_wconf 89' lang='lat' dir='ltr'><strong>confirmaui.</strong></span> <span class='ocrx_word' id='word_1_204' title='bbox 2241 3412 2320 3491; x_wconf 88' lang='grc'><strong>’14</strong></span> <span class='ocrx_word' id='word_1_205' title='bbox 2355 3412 2509 3492; x_wconf 82' lang='lat' dir='ltr'><strong>Ego</strong></span> 
     </span>
     <span class='ocr_line' id='line_1_31' title="bbox 412 3508 2505 3592; baseline 0.001 -20"><span class='ocrx_word' id='word_1_206' title='bbox 412 3508 774 3592; x_wconf 83' lang='lat' dir='ltr'><strong>Byrhtelm</strong></span> <span class='ocrx_word' id='word_1_207' title='bbox 824 3509 1157 3574; x_wconf 88' lang='lat' dir='ltr'><strong>diaconus</strong></span> <span class='ocrx_word' id='word_1_208' title='bbox 1222 3509 1354 3573; x_wconf 91' lang='lat' dir='ltr'><strong>hoc</strong></span> <span class='ocrx_word' id='word_1_209' title='bbox 1402 3510 1828 3592; x_wconf 89' lang='lat' dir='ltr'><strong>praedictum</strong></span> <span class='ocrx_word' id='word_1_210' title='bbox 1884 3510 2141 3573; x_wconf 92' lang='lat' dir='ltr'><strong>donum</strong></span> <span class='ocrx_word' id='word_1_211' title='bbox 2199 3509 2505 3575; x_wconf 88' lang='lat' dir='ltr'><strong>laudaui.</strong></span> 
     </span>
     <span class='ocr_line' id='line_1_32' title="bbox 418 3607 2507 3692; baseline 0.001 -21"><span class='ocrx_word' id='word_1_212' title='bbox 418 3610 497 3689; x_wconf 85' lang='grc'><strong>’14</strong></span> <span class='ocrx_word' id='word_1_213' title='bbox 533 3609 685 3689; x_wconf 84' lang='lat' dir='ltr'><strong>Ego</strong></span> <span class='ocrx_word' id='word_1_214' title='bbox 718 3607 1062 3674; x_wconf 59' lang='lat' dir='ltr'><strong>AEoelferss</strong></span> <span class='ocrx_word' id='word_1_215' title='bbox 1094 3611 1424 3675; x_wconf 87' lang='lat' dir='ltr'><strong>diaconus</strong></span> <span class='ocrx_word' id='word_1_216' title='bbox 1455 3610 1751 3673; x_wconf 87' lang='lat' dir='ltr'><strong>libenter</strong></span> <span class='ocrx_word' id='word_1_217' title='bbox 1788 3611 2126 3674; x_wconf 88' lang='lat' dir='ltr'><strong>consensi.</strong></span> <span class='ocrx_word' id='word_1_218' title='bbox 2239 3614 2319 3691; x_wconf 92' lang='grc'><strong>’14</strong></span> <span class='ocrx_word' id='word_1_219' title='bbox 2353 3612 2507 3692; x_wconf 84' lang='lat' dir='ltr'><strong>Ego</strong></span> 
     </span>
     <span class='ocr_line' id='line_1_33' title="bbox 410 3707 2511 3794; baseline 0.002 -23"><span class='ocrx_word' id='word_1_220' title='bbox 410 3707 694 3793; x_wconf 60' lang='lat' dir='ltr'><strong>AElfgyb</strong></span> <span class='ocrx_word' id='word_1_221' title='bbox 773 3711 1109 3791; x_wconf 79' lang='lat' dir='ltr'><strong>magistra</strong></span> <span class='ocrx_word' id='word_1_222' title='bbox 1183 3710 1480 3794; x_wconf 85' lang='lat' dir='ltr'><strong>praefati</strong></span> <span class='ocrx_word' id='word_1_223' title='bbox 1537 3712 1945 3775; x_wconf 89' lang='lat' dir='ltr'><strong>monasterii</strong></span> <span class='ocrx_word' id='word_1_224' title='bbox 2020 3730 2175 3774; x_wconf 90' lang='lat' dir='ltr'><strong>cum</strong></span> <span class='ocrx_word' id='word_1_225' title='bbox 2258 3711 2511 3793; x_wconf 86' lang='lat' dir='ltr'><strong>gaudio</strong></span> 
     </span>
     <span class='ocr_line' id='line_1_34' title="bbox 407 3808 2510 3893; baseline 0.001 -22"><span class='ocrx_word' id='word_1_226' title='bbox 407 3829 666 3890; x_wconf 83' lang='lat' dir='ltr'><strong>magno</strong></span> <span class='ocrx_word' id='word_1_227' title='bbox 738 3811 988 3893; x_wconf 89' lang='lat' dir='ltr'><strong>recepi.</strong></span> <span class='ocrx_word' id='word_1_228' title='bbox 1040 3858 1043 3861; x_wconf 57' lang='grc'><strong>«</strong></span> <span class='ocrx_word' id='word_1_229' title='bbox 1133 3814 1209 3892; x_wconf 99' lang='grc'><strong>’14</strong></span> <span class='ocrx_word' id='word_1_230' title='bbox 1244 3808 1606 3875; x_wconf 65' lang='grc' dir='ltr'><strong>ἐΕὔθΙεῐῆῐι</strong></span> <span class='ocrx_word' id='word_1_231' title='bbox 1667 3810 1836 3874; x_wconf 76' lang='grc' dir='ltr'><strong>ᾶιιΧ.</strong></span> <span class='ocrx_word' id='word_1_232' title='bbox 1984 3813 2060 3891; x_wconf 99' lang='grc'><strong>’14</strong></span> <span class='ocrx_word' id='word_1_233' title='bbox 2097 3808 2510 3874; x_wconf 71' lang='lat' dir='ltr'><strong>AE&#39;oelmund</strong></span> 
     </span>
     <span class='ocr_line' id='line_1_35' title="bbox 407 3908 2509 3992; baseline 0.001 -21"><span class='ocrx_word' id='word_1_234' title='bbox 407 3910 576 3973; x_wconf 78' lang='lat' dir='ltr'><strong>duX.</strong></span> <span class='ocrx_word' id='word_1_235' title='bbox 723 3913 802 3992; x_wconf 85' lang='grc'><strong>’14</strong></span> <span class='ocrx_word' id='word_1_236' title='bbox 847 3910 1211 3974; x_wconf 86' lang='lat' dir='ltr'><strong>Eadmund</strong></span> <span class='ocrx_word' id='word_1_237' title='bbox 1274 3911 1441 3975; x_wconf 88' lang='lat' dir='ltr'><strong>dux.</strong></span> <span class='ocrx_word' id='word_1_238' title='bbox 1586 3914 1662 3992; x_wconf 99' lang='grc'><strong>’14</strong></span> <span class='ocrx_word' id='word_1_239' title='bbox 1700 3908 2059 3973; x_wconf 61' lang='lat' dir='ltr'><strong>AEoelstan</strong></span> <span class='ocrx_word' id='word_1_240' title='bbox 2124 3919 2277 3974; x_wconf 89' lang='lat' dir='ltr'><strong>rota</strong></span> <span class='ocrx_word' id='word_1_241' title='bbox 2340 3910 2509 3974; x_wconf 86' lang='lat' dir='ltr'><strong>dux.-</strong></span> 
     </span>
     <span class='ocr_line' id='line_1_36' title="bbox 419 4008 2512 4093; baseline 0 -20"><span class='ocrx_word' id='word_1_242' title='bbox 419 4010 498 4089; x_wconf 88' lang='grc'><strong>’14</strong></span> <span class='ocrx_word' id='word_1_243' title='bbox 532 4008 903 4093; x_wconf 64' lang='grc' dir='ltr'><strong>Βγτὴῐΐθῐῦ</strong></span> <span class='ocrx_word' id='word_1_244' title='bbox 963 4011 1159 4074; x_wconf 75' lang='grc' dir='ltr'><strong>ᾶιιΧ..</strong></span> <span class='ocrx_word' id='word_1_245' title='bbox 1262 4012 1338 4090; x_wconf 99' lang='grc'><strong>’14</strong></span> <span class='ocrx_word' id='word_1_246' title='bbox 1372 4010 1748 4088; x_wconf 87' lang='lat' dir='ltr'><strong>Leofwine‚</strong></span> <span class='ocrx_word' id='word_1_247' title='bbox 1814 4010 2241 4093; x_wconf 77' lang='lat' dir='ltr'><strong>propinquus</strong></span> <span class='ocrx_word' id='word_1_248' title='bbox 2304 4011 2512 4091; x_wconf 82' lang='lat' dir='ltr'><strong>regiS,</strong></span> 
     </span>
     <span class='ocr_line' id='line_1_37' title="bbox 407 4108 2510 4192; baseline 0.001 -21"><span class='ocrx_word' id='word_1_249' title='bbox 407 4108 740 4175; x_wconf 86' lang='lat' dir='ltr'><strong>minister.</strong></span> <span class='ocrx_word' id='word_1_250' title='bbox 870 4114 946 4192; x_wconf 99' lang='grc'><strong>’14</strong></span> <span class='ocrx_word' id='word_1_251' title='bbox 978 4110 1318 4188; x_wconf 83' lang='lat' dir='ltr'><strong>AElfhere,</strong></span> <span class='ocrx_word' id='word_1_252' title='bbox 1366 4130 1455 4173; x_wconf 88' lang='lat' dir='ltr'><strong>ex</strong></span> <span class='ocrx_word' id='word_1_253' title='bbox 1500 4111 1859 4192; x_wconf 86' lang='lat' dir='ltr'><strong>parentela</strong></span> <span class='ocrx_word' id='word_1_254' title='bbox 1922 4110 2130 4191; x_wconf 82' lang='lat' dir='ltr'><strong>regis,</strong></span> <span class='ocrx_word' id='word_1_255' title='bbox 2176 4110 2510 4174; x_wconf 85' lang='lat' dir='ltr'><strong>minister.</strong></span> 
     </span>
    </p>
   </div>
   <div class='ocr_carea' id='block_1_5' title="bbox 1329 4250 2301 4370">
    <p class='ocr_par' dir='ltr' id='par_1_6' title="bbox 1329 4250 2301 4370">
     <span class='ocr_line' id='line_1_38' title="bbox 1329 4250 2301 4370; baseline 0.001 -68"><span class='ocrx_word' id='word_1_256' title='bbox 1329 4250 1342 4280; x_wconf 90' lang='lat'><strong>¹</strong></span> <span class='ocrx_word' id='word_1_257' title='bbox 1379 4254 1463 4302; x_wconf 90' lang='lat' dir='ltr'><strong>Sic</strong></span> <span class='ocrx_word' id='word_1_258' title='bbox 1488 4253 1602 4302; x_wconf 90' lang='lat' dir='ltr'><strong>MS.</strong></span> <span class='ocrx_word' id='word_1_259' title='bbox 2270 4327 2301 4370; x_wconf 73' lang='grc'>2</span> 
     </span>
     <span class='ocr_line' id='line_1_39' title="bbox 2210 4335 2242 4369; baseline 0 0"><span class='ocrx_word' id='word_1_260' title='bbox 2210 4335 2242 4369; x_wconf 87' lang='lat' dir='ltr'>x</span> 
     </span>
    </p>
   </div>
  </div>
 </body>
</html>
