3044 5019
859 469 1202 517 cHARTAE
1248 467 1933 516 AnonosAonicAss.
2321 450 2450 514 157

346 631 623 697 entibus
674 648 842 692 uero
879 636 949 693 et
1000 627 1479 708 frangentibus
1526 644 1732 702 morS,
1770 643 1995 706 poena
2030 631 2101 687 et
2128 624 2453 705 perditio.

344 730 649 797 Nomina
694 748 861 792 uero
923 728 1126 790 huius
1184 726 1723 790 confirmationis
1782 732 1854 787 et
1907 723 2286 788 testimonii
2348 723 2457 786 hic

341 832 524 897 infra
553 831 924 894 nitescunt.

458 933 535 1012 ›1‹
580 930 736 1011 Ego
799 926 1127 1012 AEpelfled
1191 925 1368 989 hanc
1424 944 1646 989 meam
1711 924 2061 988 licentiam
2122 923 2457 988 confirmo

344 1029 705 1112 signaculo
751 1035 1033 1091 sanctae
1079 1028 1323 1089 crucis.
1439 1028 1516 1107 ›1‹
1559 1026 1712 1106 Ego
1747 1023 2052 1108 AElswyn
2089 1024 2455 1106 episcopus

346 1130 663 1194 consensi
728 1134 798 1192 et
859 1126 1256 1208 subscripsi.
1375 1127 1452 1206 ›1‹
1500 1124 1653 1207 Ego
1702 1124 2031 1188 AElfwine
2090 1124 2455 1206 episcopus

349 1230 666 1294 consensi
725 1235 795 1292 et
847 1226 1244 1308 subscripsi.
1362 1227 1439 1306 ›1‹
1484 1225 1638 1306 Ego
1689 1224 2028 1309 AEpelhun
2093 1223 2459 1305 episcopus

350 1329 665 1394 consensi
697 1336 768 1392 et
799 1326 1195 1409 subscripsi.
1312 1324 1558 1406 &Ego
1587 1324 1873 1405 Eadgar
1900 1324 2263 1406 episcopus
2296 1341 2459 1385 con-

352 1431 535 1494 sensi
579 1437 652 1493 et
707 1427 1101 1508 subscripsi.
1219 1425 1296 1504 ›1‹
1344 1423 1498 1506 Ego
1550 1422 1819 1487 AElfred
1873 1424 2236 1506 episcopus
2295 1442 2459 1485 con-

352 1530 534 1594 sensi
587 1537 659 1593 et
703 1526 1105 1610 subscripsi.
1223 1527 1300 1606 ›1‹
1344 1524 1498 1606 Ego
1554 1522 1892 1608 AEpelferb
1939 1523 2086 1587 dux
2142 1523 2462 1587 consensi

354 1638 423 1694 et
452 1629 854 1711 subscripsi.
972 1629 1049 1708 ›1‹
1098 1625 1250 1706 Ego
1299 1623 1568 1687 AElfred
1616 1624 1760 1687 dux
1805 1625 2121 1687 consensi
2177 1630 2248 1687 et
2301 1623 2464 1687 sub-

353 1730 622 1812 scripsi.
757 1729 836 1811 ›1‹
882 1726 1032 1810 Ego
1100 1723 1438 1809 AEpelhun
1507 1725 1722 1787 abbas
1782 1725 2099 1787 consensi
2170 1730 2240 1787 et
2299 1724 2464 1786 sub-

356 1828 624 1912 scripsi.
771 1830 848 1909 ›1‹
889 1826 1040 1908 Ego
1104 1823 1458 1907 Ecgberht
1513 1825 1729 1887 abbas
1790 1823 2107 1887 consensi
2174 1830 2245 1886 et
2305 1825 2466 1886 sub-

357 1929 620 2011 scripsi.
739 1929 816 2008 ›1‹
865 1926 1017 2007 Ego
1052 1922 1293 2008 Cyna&
1324 1924 1539 1988 abbas
1590 1924 1905 1990 consensi
1952 1931 2023 1987 et
2068 1923 2465 2004 subscripsi.

369 2030 615 2111 ›14Ego
627 2026 947 2092 Wihtred
984 2025 1304 2089 consensi
1334 2032 1405 2088 et
1423 2024 1817 2106 subscripsi.
1934 2025 2013 2107 ›1‹
2037 2024 2188 2105 Ego
2216 2023 2468 2086 Berht-

360 2130 507 2210 sige
562 2127 880 2190 consensi
944 2133 1014 2190 et
1065 2125 1464 2208 subscripsi.
1581 2126 1658 2205 ›1‹
1703 2123 1855 2205 Ego
1916 2122 2243 2209 AEpelna5
2301 2144 2467 2187 con-

358 2228 542 2291 sensi
617 2234 687 2290 et
745 2227 1143 2308 subscripsi.
1262 2228 1339 2307 ›1‹
1383 2224 1536 2305 Ego
1586 2224 1971 2307 AEpelward
2028 2225 2344 2287 consensi
2399 2231 2470 2286 et

360 2326 758 2409 subscripsi.
879 2327 956 2406 ›1‹
991 2325 1143 2405 Ego
1177 2324 1481 2387 AElfstan
1519 2325 1836 2387 consensi
1871 2332 1940 2387 et
1974 2323 2372 2404 subscripsi.

1179 2619 1649 2685 CCCXLIV.

936 2771 977 2812 *
1009 2736 1706 2845 AETHELSTATN,
1752 2769 1906 2832 927.

478 2924 555 3003 ›1‹
586 2919 805 2984 ANNo
836 2920 1222 2983 dominicae
1264 2920 1761 2985 incarnationis
1810 2919 2333 2999 nongentesimo
2367 2920 2469 2982 ui-

364 3023 659 3085 ‘cessimo
726 3020 1043 3102 septimo,
1109 3039 1239 3101 ego
1288 3020 1731 3085 AEbelstanus
1799 3039 1922 3083 rex
1978 3039 2104 3101 pro
2156 3038 2470 3082 remune-

364 3121 635 3185 ratione
670 3128 991 3184 aeternae
1036 3120 1283 3183 salutis
1327 3128 1397 3185 et
1430 3141 1557 3203 pro
1590 3120 1815 3183 salute
1864 3140 2041 3196 mea,
2082 3125 2153 3182 et
2201 3118 2471 3182 animae

368 3222 590 3304 patris
633 3220 768 3283 mei
813 3220 1237 3296 Eaduuardi‚
1285 3241 1410 3303 pro
1464 3241 1601 3303 que
1656 3221 2045 3284 reuerentia
2095 3227 2165 3283 et
2213 3219 2471 3283 honore

368 3320 937 3385 archisacerdotis
969 3320 1408 3397 Wulfhelmi,
1448 3321 1749 3384 concedo
1800 3320 2175 3383 aecclesiae
2210 3319 2472 3384 Christi

367 3421 440 3484 in
473 3420 911 3485 Dorobernia
963 3428 1033 3484 et
1078 3420 1377 3483 familiae
1426 3422 1498 3484 in
1550 3420 1785 3484 eadem
1830 3419 2107 3483 Christo
2160 3421 2472 3501 omnipo-

365 3521 543 3585 tenti
572 3519 921 3596 seruienti,
945 3520 1033 3583 ad
1055 3520 1456 3601 suffragium
1480 3520 1669 3584 uitae
1697 3520 1995 3595 illorum,
2019 3526 2274 3582 terram
2306 3520 2476 3582 iuris

372 3621 505 3684 mei
531 3621 606 3683 in
639 3618 891 3683 Cantia
917 3621 1123 3683 sitam
1163 3640 1374 3702 supra
1400 3639 1590 3684 mare
1622 3621 1894 3684 nomine
1931 3619 2323 3696 Folcestan,
2357 3621 2475 3685 ubi

375 3720 726 3803 quondam
766 3720 898 3784 fuit
941 3722 1436 3785 monasterium
1483 3728 1554 3784 et
1588 3721 1870 3783 abbatia
1914 3727 2311 3783 sanctarum
2337 3723 2477 3784 uir-

379 3822 643 3902 ginum,
667 3820 785 3882 ubi
817 3821 1026 3884 etiam
1062 3821 1338 3903 sepulta
1367 3828 1475 3884 est
1501 3827 1746 3884 sancta
1773 3819 2228 3884 Eansuuitha.
2284 3820 2478 3899 Qua-

375 3928 658 4003 propter
692 3939 823 4001 ego
843 3918 1285 3984 AEbelstanus
1342 3920 1756 3984 monarchus
1800 3920 2013 3983 totius
2042 3918 2479 3986 Brittanniae

378 4020 683 4102 cogitaui
713 4019 799 4083 de
838 4020 958 4083 illo
998 4020 1177 4095 loco,
1218 4026 1288 4083 et
1327 4020 1411 4083 de
1450 4020 1734 4083 seruitio
1779 4019 2037 4083 Christi
2076 4028 2143 4084 et
2194 4029 2477 4085 sanctae

379 4119 648 4184 Mariae
711 4120 953 4182 matris
1016 4120 1163 4183 eius
1218 4119 1403 4200 quod
1470 4120 1634 4182 olim
1696 4120 1768 4182 in
1817 4119 2055 4183 eodem
2108 4119 2260 4183 loco
2329 4119 2476 4184 fieri

377 4221 667 4297 solebat,
719 4226 1088 4301 antequam
1135 4218 1389 4300 pagani
1435 4218 1942 4283 destruxissent
1985 4219 2208 4281 locum
2257 4218 2474 4283 illum.
