3044 5019
559 418 688 490 196
1051 432 1396 480 οιιΑιιτΑιι
1441 427 2129 480 ΑΝαιοεΑΧοΝιοΑιι.

559 591 779 656 ritas.
814 590 922 654 bis
955 589 1247 655 testibus
1296 592 1623 655 roborata
1669 597 1947 656 constat
1991 610 2285 675 quorum
2336 593 2668 660 nomina.

561 694 862 760 subtus.
898 691 1361 755 caracteribus
1392 690 1670 774 depicta
1704 699 2162 771 annotantur3

676 795 754 874 ›1‹
798 792 951 874 Ego
996 791 1405 876 aepelstanus
1469 790 1842 873 singularis
1903 792 2303 875 priuilegii.
2334 759 2677 857 ierarchia

561 893 870 975 preditus
902 911 1070 963 rex.
1094 890 1299 954 huius
1330 890 1615 954 indiculi
1636 910 1925 956 acumen
1947 911 2105 961 cum
2132 893 2333 974 signo
2354 895 2473 957 sce
2494 912 2675 956 sem-

564 1012 824 1076 perque
859 991 1210 1086 adorande
1241 990 1518 1058 crucis,
1556 991 2051 1056 corroboraui.
2084 1000 2155 1057 et
2186 958 2588 1075 subscripsi.

678 1097 756 1176 ›1‹
802 1093 956 1174 Ego
1005 1090 1449 1155 wulfhelmus
1483 1091 2011 1160 dorobernensis
2062 1091 2212 1159 ecte
2256 1092 2678 1176 archiepiscs

564 1193 881 1260 consensi
912 1199 983 1260 et
1013 1190 1408 1274 subscripsi.

678 1298 756 1377 ›1‹
812 1293 966 1375 Ego
1021 1291 1503 1356 wulfstanus,
1547 1291 1985 1356 eboracensis
2036 1290 2187 1357 ecte
2260 1290 2680 1380 archiepiscs

568 1393 883 1459 consensi
911 1400 981 1457 et
1011 1392 1410 1475 subscripsi.

680 1497 758 1576 ›1‹
781 1493 934 1574 Ego
965 1492 1262 1555 howael.
1296 1490 1710 1572 subregulus
1745 1492 2063 1556 consensi
2089 1499 2160 1556 et
2187 1491 2588 1574 subscripsi.

678 1596 756 1675 ›1‹
783 1593 935 1675 Ego
961 1589 1211 1656 iusswal
1238 1591 1652 1673 subregulus
1682 1581 1999 1656 consensi
2029 1600 2100 1662 et
2129 1591 2529 1674 subscripsi.

677 1739 1247 1762 ...........
1283 1691 1698 1773 subregulus
1731 1693 2049 1761 consensi
2076 1698 2146 1757 et
2174 1690 2576 1775 subscripsi,

685 1798 763 1877 ›1‹
787 1794 940 1875 Ego
970 1791 1279 1857 teowdor
1301 1839 1317 1857 .
1344 1792 1759 1873 subregulus
1785 1792 2102 1857 consensi
2132 1800 2204 1857 et
2234 1792 2638 1875 subscripsi.

686 1898 764 1977 ›1‹
788 1894 939 1975 Ego
972 1891 1268 1957 aelfwine
1290 1940 1305 1956 .
1327 1893 1693 1975 episcopus
1717 1940 1732 1957 .
1755 1892 2075 1962 consensi
2108 1900 2179 1957 et
2207 1893 2604 1975 subscripsi.

611 2054 619 2064 ,
685 1997 766 2076 ›1‹
790 1994 944 2075 Ego
975 1992 1246 2061 eadulfe
1274 2041 1289 2057 .
1314 1993 1684 2075 episcopus
1712 2040 1727 2056 .
1753 1993 2110 2062 consensi.
2135 1999 2208 2056 et
2240 1993 2637 2076 subscripsi.

686 2098 764 2177 ›1‹
790 2094 944 2175 Ego
976 2092 1285 2162 cenwald
1310 2140 1325 2158 .
1352 2093 1719 2175 episcopus
1743 2140 1761 2164 .
1783 2093 2140 2157 consensi.
2163 2100 2234 2156 et
2257 2093 2658 2176 subscripsi.

686 2199 768 2277 »χε
791 2193 944 2274 Ego
961 2192 1321 2260 biornstan
1348 2240 1364 2256 .
1387 2193 1754 2275 episcopus
1775 2240 1788 2254 .
1813 2193 2132 2257 consensi
2159 2240 2175 2262 ‚
2196 2200 2266 2264 et
2283 2193 2682 2276 subscripsi.

692 2301 770 2380 ›1‹
794 2295 946 2376 Ego
974 2291 1254 2362 &iodred
1278 2340 1294 2356 .
1316 2294 1683 2376 episcopus
1711 2340 1727 2356 .
1751 2295 2105 2358 consensi.
2127 2299 2199 2362 ct
2227 2294 2625 2376 subscripsi.

691 2401 769 2480 ›1‹
791 2395 945 2480 Ego
976 2391 1293 2482 wulfhun
1318 2440 1333 2464 ,
1359 2393 1724 2476 episcopus
1750 2441 1763 2455 .
1787 2394 2145 2462 consensi.
2171 2399 2243 2457 et
2268 2394 2665 2477 subscripsi.

688 2500 766 2580 ›1‹
790 2494 942 2577 Ego
972 2493 1283 2578 wynsige
1306 2541 1329 2565 .,
1343 2494 1711 2577 episcopus
1739 2542 1754 2558 .
1777 2494 2096 2567 consensi
2123 2543 2139 2565 .
2161 2501 2233 2559 et
2261 2495 2664 2578 subscripsi.

611 2643 622 2649 -
687 2602 765 2681 ›1‹
788 2596 942 2678 Ego
975 2594 1209 2658 aelfred
1233 2642 1249 2663 .
1275 2594 1642 2677 episcopus
1671 2641 1687 2657 .
1711 2595 2027 2659 consensi
2056 2643 2072 2660 .
2099 2601 2171 2659 et
2203 2595 2602 2678 subscripsi.

689 2701 770 2781 ›1‹
793 2695 945 2778 Ego
976 2694 1260 2758 tidhelm
1283 2742 1298 2759 .
1322 2695 1689 2777 episcopus
1708 2741 1722 2756 .
1748 2695 2102 2760 consensi.
2129 2702 2200 2759 et
2226 2696 2627 2778 subscripsi.

690 2802 768 2881 ›1‹
790 2797 943 2878 Ego
974 2794 1251 2861 burhric
1279 2841 1294 2858 .
1320 2794 1688 2877 episcopus
1714 2840 1727 2856 .
1750 2795 2073 2859 consensi
2097 2842 2113 2859 .
2140 2802 2212 2860 et
2245 2796 2646 2878 subscripsi.

619 2957 628 2964 ,
689 2902 767 2981 ›1‹
790 2897 944 2979 Ego
978 2894 1213 2959 aelfred
1236 2943 1251 2959 .
1283 2894 1649 2978 episcopus
1672 2942 1687 2957 .
1712 2894 2032 2965 consensi
2056 2943 2069 2957 .
2093 2902 2164 2960 et
2191 2895 2593 2978 subscripsi.
2644 2962 2647 2963 γ

689 3002 767 3081 ›1‹
790 2997 944 3077 Ego
974 3014 1197 3059 conan
1221 3043 1236 3059 .
1261 2995 1629 3078 episcopus
1653 3042 1668 3059 .
1697 2995 2015 3067 consensi
2043 3043 2059 3059 .
2082 3002 2153 3060 et
2177 2995 2578 3078 subscripsi.

689 3102 767 3181 ›1‹
790 3097 942 3178 Ego
961 3094 1318 3163 wulfhelm
1342 3142 1358 3158 .
1384 3095 1751 3177 episcopus
1774 3143 1790 3161 .
1804 3095 2122 3160 consensi
2149 3144 2165 3161 .
2187 3102 2257 3159 et
2275 3096 2674 3180 subscripsi.

690 3201 768 3280 ›1‹
791 3197 944 3278 Ego
972 3195 1254 3277 cynsige
1278 3242 1294 3260 .
1314 3195 1681 3278 episcopus
1704 3241 1719 3257 .
1744 3196 2100 3260 consensi.
2123 3203 2193 3260 et
2224 3197 2625 3280 subscripsi.

625 3358 628 3363 ,
692 3301 770 3380 ›1‹
792 3296 944 3378 Ego
977 3294 1184 3365 wired
1217 3343 1232 3359 .
1260 3296 1661 3378 episcopus.
1689 3297 2039 3365 consensi.
2067 3302 2138 3360 et
2165 3296 2559 3379 subscripsi.

691 3402 769 3481 ›1‹
792 3397 947 3479 Ego
977 3394 1261 3459 saexelm
1290 3443 1306 3459 .
1328 3395 1693 3479 episcopus
1717 3442 1731 3457 .
1754 3396 2111 3462 consensi.
2137 3403 2207 3460 et
2238 3397 2636 3480 subscripsi.

689 3501 767 3580 ›1‹
792 3497 944 3580 Ego
977 3495 1316 3560 aescberht
1338 3544 1353 3560 .
1377 3495 1745 3578 episcopus
1769 3544 1785 3560 .
1810 3496 2170 3560 consensi.
2193 3503 2264 3560 et
2281 3498 2684 3581 subscripsi.

690 3602 768 3681 *1-
791 3596 943 3680 Ego
975 3595 1233 3667 ordheh
1256 3644 1271 3660 .
1293 3594 1361 3658 fii
1388 3643 1404 3660 .
1429 3597 1750 3659 consensi
1777 3645 1792 3669 .
1818 3603 1890 3661 et
1915 3596 2312 3679 subscripsi.

689 3701 767 3780 ›1‹
791 3697 944 3779 Ego
972 3695 1250 3778 aelfgar.
1278 3694 1345 3759 ffi
1374 3744 1390 3760 .
1415 3696 1733 3765 consensi
1762 3745 1776 3760 .
1803 3703 1874 3761 et
1905 3695 2304 3779 subscripsi.

691 3803 769 3882 ›1‹
792 3798 945 3878 Ego
974 3793 1275 3863 aesselelm
1308 3844 1323 3860 .
1350 3795 1418 3859 ffi
1435 3844 1464 3867 ⁴.
1488 3796 1809 3860 consensi
1839 3845 1855 3862 .
1878 3803 1949 3861 et
1979 3796 2377 3879 subscripsi,

690 3903 768 3982 ›1‹
791 3898 944 3979 Ego
976 3894 1326 3967 aebelwold
1349 3945 1364 3961 .
1387 3895 1454 3960 ffi
1480 3944 1495 3960 .
1528 3896 1842 3967 consensi
1871 3945 1886 3961 .
1913 3904 1984 3961 et
2015 3897 2416 3979 subscripsi.

690 4001 768 4083 ›1‹
792 3997 945 4084 Ego
979 3996 1266 4085 eadstan
1291 4045 1306 4059 .
1334 3995 1398 4059 ffi
1426 3997 1778 4060 ,consensi
1803 4045 1818 4061 .
1844 4004 1916 4062 et
1934 3997 2339 4079 subscripsi.

689 4102 767 4185 ’Β
790 4097 942 4178 Ego
972 4093 1232 4161 aebered
1262 4145 1277 4161 .
1300 4094 1365 4158 ffi
1392 4146 1407 4162 .
1432 4098 1749 4160 consensi
1779 4146 1793 4160 .
1819 4105 1890 4161 et
1921 4097 2316 4179 subscripsi.

687 4201 768 4281 ›1‹
790 4198 942 4279 Ego
974 4194 1186 4269 aelfric
1209 4245 1224 4260 .
1248 4196 1460 4261 abbas
1489 4245 1503 4260 .
1528 4197 1884 4271 consensi.
1906 4205 1977 4262 et
2006 4197 2402 4280 subscripsi.
