3044 5019
600 438 731 502 110
1110 453 1252 501 cru
1264 453 1455 500 nus
1501 451 2183 500 Aucmslixomcss.

599 610 788 674 tione
826 624 992 674 xm.
1023 608 1129 673 his
1161 610 1454 674 testibus
1488 610 2076 674 consentientibus
2108 615 2179 674 et
2209 610 2699 677 subscribenti-

599 711 752 787 bus,
775 728 1066 793 quorum
1101 709 1212 773 hic
1243 710 1524 774 nomina
1552 709 1732 773 infra
1765 717 2087 774 tenentur
2117 710 2441 793 ascripta.

710 812 789 893 ’Β
829 810 982 891 Ego
1015 807 1352 873 Aetselred
1381 809 1934 894 archiepiscopus
1971 830 2127 874 cum
2166 811 2368 892 signo
2418 819 2699 880 sanctae

597 911 820 973 crucis
852 910 1277 973 confirmaui.
1333 910 1412 991 ’Β
1436 910 1589 991 Ego
1608 908 1979 974 Suuibuulf
1998 910 2364 993 episcopus
2383 915 2699 977 consensi

596 1016 666 1072 et
687 1009 1084 1093 subscripsi.
1160 1012 1239 1093 ’Β
1262 1010 1415 1091 Ego
1444 1007 1871 1075 Aebeluuald
1902 1011 2049 1074 dux
2082 1011 2402 1075 consensi
2435 1019 2506 1075 et
2537 1014 2700 1077 sub-

595 1108 857 1192 scripsi.
973 1112 1052 1193 ’Β
1082 1110 1235 1192 Ego
1263 1108 1654 1174 Beornuulf
1673 1111 1817 1173 dux
1850 1110 2166 1174 consensi
2197 1118 2269 1174 et
2298 1110 2697 1195 subscripsi.

604 1209 683 1290 ’Β
725 1210 880 1290 Ego
926 1209 1318 1273 Ealhmund
1362 1209 1560 1273 miles
1608 1211 1929 1274 consensi
1982 1217 2052 1274 et
2098 1210 2490 1293 subscripsi.
2610 1215 2689 1296 ’Β

593 1308 747 1390 Ego
784 1310 1180 1374 Beornuulf
1198 1309 1395 1373 miles
1438 1310 1755 1374 consensi
1795 1317 1866 1374 et
1905 1310 2302 1392 subscripsi.
2420 1312 2499 1393 ’Β
2544 1312 2698 1394 Ego

595 1408 1017 1473 Beorhtuuls
1081 1409 1278 1473 miles
1355 1410 1680 1473 consensi
1745 1417 1819 1474 et
1882 1410 2280 1494 subscripsi.
2416 1412 2495 1493 ’Β
2541 1411 2695 1494 Ego

594 1507 945 1572 Deoruulf
965 1507 1159 1571 miles
1206 1509 1524 1573 consensi
1559 1515 1632 1573 et
1663 1509 2059 1593 subscripsi.
2175 1511 2254 1592 ’Β
2302 1509 2455 1591 Ego
2491 1509 2693 1576 Ceol-

592 1607 750 1670 bald
796 1608 993 1671 miles
1041 1609 1357 1672 consensi
1400 1616 1471 1673 et
1514 1609 1911 1693 subscripsi.
2029 1612 2108 1693 ’Β
2152 1609 2306 1689 Ego
2352 1609 2696 1675 Ealhhere

591 1707 788 1771 miles
871 1709 1188 1771 consensi
1276 1715 1347 1771 et
1428 1708 1826 1792 subscripsi.
1992 1710 2071 1791 ’Β
2139 1708 2290 1791 Ego
2380 1709 2693 1790 Deoring

589 1808 786 1871 miles
828 1809 1146 1872 consensi
1180 1815 1252 1872 et
1282 1809 1679 1891 subscripsi.
1795 1811 1874 1892 ’Β
1914 1809 2068 1891 Ego
2108 1808 2521 1873 Beornhelm
2564 1811 2694 1873 mi-

591 1908 809 1972 nister
855 1909 1039 1988 regis
1084 1909 1401 1972 consensi
1434 1916 1504 1972 et
1536 1909 1935 1996 subscripsi.
2052 1911 2131 1992 ’Β
2177 1909 2330 1990 Ego
2377 1908 2691 1973 Osmund

588 2008 899 2071 minister
931 2007 1113 2089 regis
1144 2008 1459 2072 consensi
1490 2016 1562 2073 et
1595 2009 1992 2091 subscripsi.
2080 2011 2159 2092 ’Β
2202 2009 2356 2089 Ego
2399 2008 2694 2073 Beorht-

588 2106 708 2170 red
772 2107 1085 2170 minister
1146 2108 1329 2189 regis
1381 2107 1698 2172 consensi
1763 2116 1834 2173 et
1893 2109 2291 2191 subscripsi.
2409 2110 2488 2191 ’Β
2528 2109 2687 2191 'Ego

589 2206 660 2269 N
664 2205 929 2270 obhelm
952 2206 1264 2271 minister
1293 2209 1477 2290 regis
1510 2209 1826 2272 consensi
1859 2216 1930 2272 et
1957 2209 2355 2291 subscripsi.

689 2307 868 2371 Haec
921 2314 1086 2371 sunt
1145 2314 1349 2391 prata
1404 2316 1522 2373 aet.
1554 2306 1813 2373 Cotiam
1861 2309 2035 2373 duos
2085 2326 2307 2389 agros
2357 2314 2451 2372 aet
2501 2307 2687 2374 Scite

586 2406 833 2485 Cocce,
869 2404 1029 2471 ober
1059 2406 1254 2471 healf
1271 2428 1449 2472 aecer
1480 2410 1723 2473 maede.

1420 2698 1840 2764 CCCXIII.

1197 2847 1842 2926 AETHELRED,
1888 2846 2039 2911 883.

690 3002 769 3083 ’Β
811 2998 1129 3064 SAEGULI
1196 3016 1493 3080 namque
1568 2996 1861 3061 labentis
1924 3002 2238 3078 tempora
2287 2995 2468 3061 sicut
2528 3018 2683 3063 um-

576 3101 742 3163 brae
764 3100 1108 3181 sugientes
1138 3099 1239 3163 sic
1270 3097 1604 3162 uelociter
1624 3102 1927 3173 tranant,
1944 3096 2275 3178 uarieque
2305 3105 2679 3162 euentuum

575 3207 803 3263 status
860 3200 932 3262 in
994 3197 1450 3280 cogitationes
1498 3197 1851 3261 hominum
1908 3197 2399 3262 conscendunt.
2505 3197 2677 3263 Ideo

575 3318 815 3362 omnes
846 3299 1076 3362 firmas
1108 3298 1524 3362 statutiones
1557 3305 1832 3362 nostras
1862 3297 2250 3361 litterarum
2291 3298 2467 3361 serie
2511 3317 2679 3361 con-

575 3398 924 3463 firmamus
956 3418 1041 3462 ne
1072 3399 1367 3482 posteris
1390 3397 1645 3461 cadant
1661 3418 1750 3461 ex
1773 3397 2102 3461 memoria
2120 3398 2679 3479 praecedentium

574 3499 852 3564 decreta
903 3507 1218 3583 patrum3
1274 3497 1656 3562 Grecorum
1710 3497 1965 3562 talibus
2012 3497 2346 3578 exemplis
2410 3504 2680 3561 statuta

571 3607 760 3677 sunt,
793 3599 911 3682 qui
955 3601 1140 3682 quod
1186 3597 1360 3663 scire
1392 3597 1641 3662 uolunt
1671 3597 1920 3661 litteris
1949 3597 2257 3674 tradunt,
2288 3617 2375 3661 ne
2408 3616 2498 3659 ex
2532 3616 2676 3660 me-

572 3698 793 3763 moria
812 3700 1106 3764 labetur.
1210 3698 1475 3780 Estque
1497 3698 1696 3761 nobis
1728 3716 2005 3761 necesse
2038 3696 2677 3779 praemeditandum

570 3799 643 3862 in
691 3798 1106 3881 fugabundis
1152 3797 1574 3879 temporibus
1621 3798 1878 3861 saeculi
1925 3797 2271 3879 quomodo
2315 3796 2404 3859 ad
2453 3803 2679 3860 aeter-

569 3918 731 3963 nam
763 3899 1162 3963 felicitatem
1191 3899 1552 3981 peruenire
1580 3897 1935 3960 ualeamus
1960 3918 1978 3977 3
2025 3897 2188 3978 quia
2216 3902 2469 3958 cuncta
2500 3916 2677 3978 quae

571 4000 895 4063 uidentur
957 3999 1255 4080 fugitiua
1316 4005 1479 4062 sunt
1542 4004 1612 4061 et
1665 3998 1952 4074 caduca,
2003 4014 2183 4078 quae
2242 4002 2474 4059 autem
2535 4016 2674 4060 non

571 4100 893 4164 uidentur
952 4098 1391 4183 perhenniter
1429 4105 1596 4161 sunt
1640 4097 1992 4160 manentia
2027 4144 2042 4159 .
2078 4096 2187 4160 for
2234 4099 2409 4180 paere
2454 4094 2674 4159 wisan

566 4198 629 4263 ic
683 4199 1026 4265 AEbelraed
1086 4198 1484 4263 ealdorman
1529 4197 2022 4279 inbryrdendre
2080 4195 2294 4278 godes
2343 4195 2499 4275 gese
2553 4215 2672 4275 ge·-
