3044 5019
620 406 752 471 108
1130 422 1478 469 custus
1522 423 2205 471 Anclnssxomcaz.

619 578 2724 663 sapientesacbeaticumbisfugitiuissaeculiaeterna

622 680 881 762 gaudia
941 679 1196 763 iugiter
1245 699 1575 744 mansura
1629 679 1949 742 coelestis
1996 679 2266 760 patriae
2308 699 2725 762 magnopere

619 779 992 844 mercanda
1060 788 1251 844 sunt.
1375 779 1825 861 Quapropter
1890 798 2023 860 ego
2084 777 2448 856 Aesselmd,
2496 782 2725 861 gratia

621 879 882 944 domini
944 880 1269 963 largiflua
1313 879 1759 955 concedente,
1802 878 1949 941 dux
2004 886 2075 942 et
2120 880 2453 961 patricius
2496 882 2726 960 gentis

624 978 1068 1058 merciorum,
1094 1000 1252 1044 cum
1276 979 1563 1044 licentia
1588 986 1659 1042 et
1689 979 2127 1061 impositione
2146 998 2393 1042 manus
2415 979 2729 1044 Aelii-edi

623 1081 832 1162 regis,
862 1100 1003 1144 una
1029 1100 1184 1144 cum
1232 1079 1626 1144 testimonio
1674 1087 1745 1143 et
1789 1098 2130 1143 consensu
2171 1080 2517 1142 seniorum
2544 1082 2727 1144 eius-

620 1179 776 1244 dem
823 1180 1075 1263 gentis,
1113 1181 1588 1264 episcoporum
1629 1179 1743 1242 uel
1780 1179 2193 1262 principum,
2238 1199 2367 1261 pro
2409 1181 2725 1264 redemp-

621 1281 812 1345 tione
858 1280 1244 1345 auimarum
1295 1288 1714 1355 nostrarum,
1758 1287 1830 1343 et
1872 1298 2000 1361 pro
2042 1280 2380 1361 sospitate
2417 1299 2547 1343 nec
2584 1301 2723 1345 non

622 1390 694 1446 et
728 1380 1109 1445 stabilitate
1145 1382 1341 1463 regni
1376 1380 1818 1455 Merciorum,
1852 1378 2053 1442 nobis
2090 1379 2163 1440 in
2207 1387 2556 1443 aeternam
2587 1382 2727 1444 ele-

621 1481 983 1557 mosinam,
1036 1480 1386 1563 quandam
1439 1479 1621 1542 ruris
1680 1478 2066 1561 portionem
2132 1478 2410 1542 domino
2467 1479 2601 1543 deo
2657 1490 2729 1544 et

622 1588 868 1644 sancto
899 1579 1136 1659 Petro,
1165 1580 1527 1644 liberatam
1558 1579 1647 1642 ab
1678 1578 1866 1642 omni
1901 1579 2163 1642 tributo
2200 1579 2444 1660 regali,
2470 1599 2726 1662 magno

621 1678 734 1742 uel
767 1679 1059 1756 modico,
1090 1689 1257 1744 uoto
1291 1680 1405 1743 uel
1431 1681 1698 1761 ignoto,
1730 1678 1860 1741 hoc
1891 1686 2024 1755 est,
2050 1687 2164 1742 aet
2188 1679 2498 1743 Berhtan
2530 1682 2720 1744 uuel-

619 1777 737 1843 lan
770 1827 787 1844 .
811 1796 905 1844 vl.
966 1781 1384 1857 mansioneS,
1442 1788 1513 1843 et
1563 1787 1680 1841 aet
1728 1778 2270 1842 Uuaetlinctune
2302 1827 2321 1841 .
2345 1796 2495 1842 vm.
2558 1799 2715 1844 cum

622 1880 939 1943 omuibus
974 1880 1478 1962 pertinentibus
1524 1878 1614 1941 ad
1661 1896 1825 1940 rura
1871 1879 2134 1954 eadem,
2181 1879 2255 1941 in
2294 1879 2490 1942 siluis
2534 1888 2606 1943 et
2649 1881 2721 1943 in

620 1981 908 2063 campis,
941 1981 1121 2044 sicut
1152 1981 1459 2044 exterius
1489 1979 1744 2042 finibus
1786 1979 1994 2040 certis
2028 1978 2271 2041 dinota
2311 1980 2721 2058 consistunt,

621 2078 710 2142 ad
776 2079 1180 2144 aecclesiam
1245 2080 1437 2143 illam
1501 2097 1682 2160 quae
1745 2084 2037 2141 uocatur
2098 2086 2213 2141 aet
2263 2077 2722 2143 Readenoran

618 2178 1068 2261 pertinentes,
1140 2188 1472 2262 utrasque
1546 2186 1768 2242 terras
1840 2179 1913 2240 in
1985 2197 2196 2240 unam
2263 2180 2720 2263 possessionis

618 2277 1136 2358 haereditatem,
1195 2280 1264 2344 id
1323 2287 1455 2355 est,
1511 2278 1598 2343 ad
1648 2277 2105 2360 episcopalem
2152 2277 2410 2355 sedem,
2456 2280 2719 2344 scilicet

623 2376 1126 2462 Uuigornensis
1179 2379 1510 2455 ciuitatiS,
1570 2379 1777 2461 plena
1834 2377 2157 2442 uidelicet
2213 2380 2463 2442 mentis
2507 2380 2716 2444 deuo-

619 2478 807 2543 tione
835 2478 1269 2544 concedendo
1299 2478 1650 2543 humiliter
1677 2477 2110 2542 donauimuS.
2185 2476 2484 2562 Insuper
2511 2481 2717 2545 etiam

618 2577 778 2642 huic
807 2578 1163 2643 donationi
1202 2580 1272 2643 iu
1317 2587 1764 2661 augmentum
1810 2598 1935 2642 sex
1987 2578 2321 2656 homiueS,
2364 2579 2485 2662 qui
2525 2582 2718 2663 prius

615 2679 1054 2762 pertinebant
1099 2679 1188 2742 ad
1245 2679 1483 2743 uillam
1546 2679 1805 2761 regiam
1851 2679 1925 2742 iu
1974 2679 2511 2758 Beonsinctune,
2560 2701 2716 2746 cum

616 2778 803 2842 omni
834 2779 1025 2862 prole
1051 2779 1402 2862 stirpeque
1439 2798 1700 2856 eorum,
1731 2779 1819 2841 ad
1858 2779 2147 2842 eandem
2187 2781 2720 2862 conscripsimus

615 2878 1043 2959 aecclesiam,
1079 2899 1236 2943 cum
1284 2899 1626 2944 consensu
1650 2877 1948 2960 praefati
1993 2880 2179 2961 regis
2228 2888 2300 2944 et
2344 2882 2716 2945 eorundem

615 2979 1026 3062 optimatum
1078 3000 1427 3059 meorum;
1489 2987 1593 3056 ut,
1640 2979 1790 3042 sine
1839 2980 2377 3043 contradictione
2425 2980 2717 3045 alicuius

614 3078 865 3143 nobilis
916 3080 1029 3144 uel
1070 3080 1416 3161 ignobiIiS,
1461 3099 1732 3161 semper
1759 3078 1847 3142 ad
1876 3085 2132 3143 terram
2178 3080 2554 3144 aecclesiae
2599 3102 2717 3145 su·

614 3178 968 3262 pradictae
983 3180 1398 3262 pertineant,
1416 3180 1487 3243 in
1506 3179 1991 3261 sempiternam
2019 3179 2513 3244 haereditatem
2544 3180 2716 3245 haec

615 3276 1029 3361 possidenda
1084 3279 1517 3344 donauimuS.
1644 3278 1721 3343 Si
1777 3280 1895 3362 qui
1952 3287 2210 3356 autem,
2262 3280 2446 3362 quod
2509 3283 2714 3359 absit,

585 3375 857 3442 'ausum
905 3378 1304 3462 philargire,
1349 3379 1480 3445 hoc
1529 3386 1842 3444 nostrum
1890 3380 2285 3444 donationis
2336 3380 2594 3444 donum
2639 3382 2714 3445 in

611 3477 846 3561 aliqua
904 3481 1406 3564 corrumpenda
1464 3480 1745 3544 foedare
1790 3487 2282 3564 pertemptent,
2342 3481 2568 3544 sciant
2636 3502 2711 3546 se

613 3579 948 3643 rationem
1027 3580 1416 3645 reddituros
1479 3581 1553 3643 in
1618 3578 1727 3643 die
1781 3579 2017 3643 iudicii
2083 3601 2237 3644 cum
2306 3579 2585 3668 Anania
2643 3591 2714 3647 et

613 3676 931 3760 Saphira,
1017 3680 1148 3744 nisi
1219 3681 1409 3763 prius
1503 3680 1718 3761 digna
1794 3679 2268 3745 satisfactione
2347 3681 2710 3746 emendare

611 3776 1002 3842 maluerint.
1108 3777 1292 3843 Acta
1350 3786 1514 3843 sunt
1571 3779 1744 3843 haec
1804 3799 1988 3844 anno
2049 3781 2430 3844 dominicae
2482 3782 2709 3845 incar-

611 3876 914 3941 nationis
948 3894 1369 3943 Dcccnxxx.
1406 3880 1782 3944 indictione
1814 3900 1980 3944 uero
2012 3883 2106 3945 ν’.

714 3974 837 4039 Dis
867 3995 1075 4041 earon
1119 3978 1305 4044 {Saera
1352 3999 1608 4043 manna
1649 4000 1901 4043 noman
1946 3979 2028 4044 {Se
2073 3981 2447 4063 gewritene
2497 4000 2711 4045 earon

608 4077 783 4140 from
827 4076 1262 4143 binsinctune
1301 4087 1376 4144 to
1419 4080 1849 4144 readanoran
1894 4088 1968 4146 to
2013 4080 2148 4144 oaet
2186 4081 2609 4161 bisceoprice
2640 4089 2708 4145 to

608 4176 1171 4259 Wigerancastre
1217 4180 1356 4244 mid
1403 4180 1614 4248 heora
1660 4187 1882 4245 teame
1926 4204 1970 4272 7
2020 4180 2159 4244 mid
2204 4179 2290 4263 {Sy
2334 4180 2582 4244 tuddre
2627 4179 2707 4244 {Se
