3044 5019
599 438 729 503 118
1104 452 1447 501 ana‘rAs
1494 451 2177 499 ANcLosAxochE.

1451 708 1864 776 CCCXVI.

957 861 998 903 *
1034 858 1500 925 AELFRED
1561 859 1688 924 OF
1735 856 2172 937 WESSEX,
2217 858 2368 923 889.

723 1013 800 1092 ›1‹
843 1008 1134 1073 SEDULo
1191 1027 1488 1091 namque
1546 1008 1918 1085 nonnulliS,
1971 1016 2043 1072 et
2092 1007 2392 1071 maxime
2437 1027 2563 1090 per
2613 1007 2712 1070 in-

614 1109 866 1176 stantis
886 1110 1073 1173 uitae
1105 1109 1446 1172 turbidam
1478 1108 1824 1172 discordia
1850 1108 2131 1186 rabiem,
2159 1108 2233 1169 in
2260 1107 2388 1170 hac
2410 1106 2717 1189 decrepi-

615 1219 690 1275 ta
719 1210 872 1274 finis
893 1207 1260 1272 mundialis
1281 1208 1558 1286 canitie,
1582 1208 1984 1290 contingere
2011 1207 2212 1286 solet,
2239 1208 2422 1290 quod
2453 1207 2714 1289 simpli-

618 1331 766 1375 cem
800 1309 1259 1373 memorabilis
1293 1308 1675 1391 praecordii
1706 1309 1981 1372 oculum
2005 1308 2311 1372 turbines
2343 1307 2722 1371 obliuiosae

615 1409 1063 1474 obscenitatis
1093 1409 1483 1491 quatientes
1512 1410 1981 1485 reuerberant,
2028 1427 2152 1472 seu
2187 1407 2478 1472 nebulae
2504 1407 2723 1489 negli-

622 1509 928 1591 gentiam
956 1508 1285 1571 nubiferis
1318 1507 1892 1591 deprauationum
1939 1508 2435 1572 fuscationibus
2468 1526 2512 1570 a
2541 1514 2725 1571 recte

624 1600 1079 1693 possessionis
1127 1609 1276 1672 iure
1318 1608 1702 1673 radiantem
1746 1609 2053 1673 iustitiae
2101 1607 2458 1673 Phoebum
2507 1609 2726 1671 obnu-

622 1710 883 1788 bilant3
946 1716 1369 1791 quapropter
1430 1728 1713 1772 necesse
1774 1709 2056 1772 cuilibet
2114 1706 2376 1771 homini
2436 1715 2569 1784 est,
2641 1715 2721 1771 ut

618 1808 1017 1875 literatoriis
1057 1807 1369 1891 apicibus
1414 1809 1648 1873 omnia
1692 1809 2040 1892 adquisita
2080 1827 2199 1871 seu
2246 1827 2591 1891 possessa,
2638 1808 2727 1871 ob

625 1909 1093 1995 praesentium
1117 1909 1264 1972 siue
1294 1907 1802 1973 succedentium
1831 1908 2199 1986 cautelam,
2217 1928 2395 1991 quae
2422 1927 2467 1971 a
2492 1907 2733 1972 catho-

623 2011 777 2074 licis
821 2009 934 2072 uel
977 2008 1268 2073 heroicis
1306 2008 1475 2072 uiris
1519 2008 1886 2073 cuiuslibet
1923 2028 2258 2091 personae
2299 2008 2577 2072 maioris
2604 2008 2733 2071 mi-

632 2110 908 2174 norisue
960 2108 1354 2190 potestatis,
1399 2108 1530 2172 deo
1578 2110 1864 2192 eiusque
1916 2109 2178 2173 sanctis
2229 2129 2353 2191 per
2383 2108 2734 2172 coelorum

632 2208 1107 2274 celsitudinem
1151 2210 1410 2273 tradita
1442 2216 1631 2285 sunt,
1668 2210 1878 2273 etiam
1909 2209 2305 2273 testimonio
2340 2215 2411 2273 et
2449 2210 2736 2272 robora-

630 2310 818 2376 tione
847 2310 1151 2392 ipsorum
1180 2308 1417 2373 firmae
1442 2308 1733 2373 rationis
1772 2310 1947 2373 serie
1987 2309 2368 2387 firmentur,
2407 2315 2740 2391 rectoque

634 2410 1033 2475 caraxantis
1090 2408 1252 2472 stilo
1312 2410 1385 2473 in
1439 2409 1738 2473 scedulis
1794 2416 2145 2473 notentur.
2249 2408 2460 2473 Anno
2519 2409 2744 2490 igitur

632 2518 1002 2595 postquam
1030 2507 1331 2572 almifica
1358 2511 1670 2573 celestini
1709 2509 1987 2574 luminis
2016 2530 2310 2592 gemma,
2338 2530 2464 2593 per
2489 2529 2746 2591 agrum

633 2608 995 2693 uirginalis
1015 2608 1386 2692 pudicitiae
1406 2610 1710 2675 humano
1731 2610 1965 2692 generi
1987 2611 2458 2675 desiderabilis
2484 2611 2748 2675 mistici

640 2710 1033 2793 spiraminis
1077 2709 1448 2792 specimine
1493 2711 1767 2789 enituit,
1807 2711 2375 2793 octingentesimo
2410 2717 2747 2793 octuage-

638 2811 813 2875 simo
860 2830 1066 2887 nono,
1129 2809 1505 2875 indictione
1539 2859 1556 2875 .
1577 2827 1680 2872 vu
1709 2858 1725 2874 .
1765 2810 1960 2874 cuius
2006 2811 2304 2894 denique
2353 2811 2751 2894 splendoris

642 2920 712 2976 et
758 2911 1025 2992 gratiae
1074 2911 1271 2974 nobis
1313 2911 1553 2974 iubare
1585 2911 1923 2989 radiante,
1970 2931 2101 2992 ego
2138 2911 2403 2975 AElfred
2430 2930 2557 2975 rex
2589 2909 2751 2975 An-

640 3012 912 3092 glorum
955 3018 1026 3075 et
1071 3010 1450 3088 Saxonum,
1483 3018 1555 3074 et
1590 3008 1910 3075 AEbelred
1955 3012 2364 3093 subregulus
2412 3019 2483 3075 et
2521 3013 2751 3094 patri-

643 3112 790 3175 cius
840 3109 1283 3188 Merciorum,
1314 3130 1469 3174 cum
1519 3111 1912 3176 testimonio
1958 3119 2031 3175 et
2070 3111 2353 3176 licentia
2397 3131 2519 3175 seu
2577 3130 2754 3176 con-

645 3230 853 3274 sensu
903 3218 1323 3288 senatorum,
1370 3211 1845 3294 episcoporum
1906 3231 2028 3275 seu
2087 3212 2338 3276 ducum
2385 3212 2759 3294 utriusque

648 3311 900 3392 gentis,
953 3328 1078 3391 pro
1129 3312 1551 3375 releuatione
1600 3311 1980 3376 facinorum
2040 3319 2455 3390 nostrorum,
2501 3319 2575 3376 et
2621 3332 2762 3394 pro

646 3410 1072 3495 adquirenda
1104 3411 1387 3475 deificae
1426 3412 1995 3476 remunerationis
2037 3414 2296 3495 requie,
2330 3411 2761 3494 UuaerfriOESO,

648 3512 901 3575 eximio
952 3509 1398 3575 Huicciorum
1455 3512 1776 3591 antistiti,
1816 3511 1904 3575 ad
1950 3513 2354 3577 aecclesiam
2386 3513 2760 3593 Uueoger-

647 3631 953 3687 nensem,
998 3612 1071 3674 in
1113 3611 1478 3674 Lundonia
1518 3631 1729 3675 unam
1773 3620 2061 3689 curtem,
2105 3632 2285 3695 quae
2326 3613 2764 3680 uerbotenus

652 3711 740 3775 ad
773 3711 1128 3792 antiquum
1175 3719 1528 3793 petrosum
1562 3712 1972 3789 aedificium,
2018 3713 2091 3775 id
2134 3721 2263 3790 est,
2305 3720 2420 3777 aet
2450 3712 2762 3780 Hwaet-

653 3811 941 3874 mundes
989 3819 1187 3875 stane
1232 3831 1275 3875 a
1319 3812 1585 3876 ciuibus
1641 3813 2052 3894 appellatur,
2102 3832 2146 3877 a
2196 3820 2419 3877 strata
2469 3813 2768 3894 publica

650 3929 869 3993 usque
900 3910 973 3973 in
1004 3932 1275 3974 murum
1304 3912 1609 3976 eiusdem
1643 3912 1969 3988 ciuitatiS,
2016 3912 2210 3977 cuius
2245 3913 2614 3995 longitudo
2650 3925 2766 3981 est

650 4011 1064 4092 perticarum
1103 4028 1317 4075 xxvl.
1351 4019 1421 4075 et
1454 4012 1749 4076 latitudo
1794 4013 1865 4075 in
1911 4013 2263 4095 superiore
2305 4021 2502 4096 parte
2535 4017 2764 4094 perti-

649 4131 882 4175 carum
915 4128 1080 4175 x111.
1106 4119 1177 4174 et
1198 4111 1447 4192 pedum
1468 4130 1594 4176 vll.
1632 4120 1702 4177 et
1733 4113 1806 4176 in
1834 4112 2141 4176 inferiori
2154 4114 2309 4178 loco
2331 4114 2765 4195 perticarum

653 4229 757 4276 xl.
793 4220 862 4277 et
895 4229 989 4275 vl.
1025 4213 1296 4295 pedum,
1348 4213 1432 4275 ad
1465 4213 1739 4295 plenam
1774 4213 2161 4278 libertatem
2191 4213 2372 4277 infra
2404 4212 2627 4277 totius
2664 4219 2769 4283 rei
