3044 5019
894 466 1236 511 CHARTAE
1284 463 1965 513 ANGLOSAXONICAE.
2333 448 2462 511 227

1107 718 1713 786 ccclxxxv.

1042 826 1576 947 ΕᾹΒΜΠΝΙ),
1622 870 1774 933 940.

446 1020 523 1102 ›1‹
561 1018 974 1082 REGNANTE
1008 1018 1078 1080 in
1114 1007 1526 1100 perpetuum
1559 1018 1693 1082 diio
1718 1019 1836 1082 11ῗο
1868 1018 1987 1081 ihu
2023 1017 2186 1106 xpo,
2267 1021 2454 1085 Dum

348 1119 725 1184 conditoris
761 1118 861 1179 11ῗί
911 1117 1350 1199 prouidentia
1398 1120 1621 1182 omnis
1668 1127 1986 1183 creatura
2034 1119 2239 1183 ualde
2274 1123 2457 1185 bona

344 1220 413 1282 in
444 1219 787 1301 principio
818 1217 1115 1281 formata
1153 1217 1589 1300 formoseque
1623 1226 1857 1283 creata
1899 1226 2109 1301 atque
2143 1222 2453 1302 speciose

347 1320 694 1401 plasmata
726 1323 833 1381 est
863 1336 1075 1399 supra
1107 1325 1178 1380 et
1201 1318 1382 1381 infra
1426 1319 1634 1383 caelos
1686 1326 1830 1382 tam
1866 1318 1939 1381 in
1982 1318 2212 1401 anglis
2246 1340 2453 1401 quam

346 1420 556 1483 etiam
599 1420 672 1481 in
715 1418 1105 1482 hominibus
1146 1437 1227 1480 ac
1261 1418 1335 1480 in
1374 1418 1798 1482 multimodis
1842 1438 1924 1482 ac
1965 1419 2256 1483 diuersis
2299 1440 2456 1503 spe-

344 1520 579 1582 ciebus
618 1519 1011 1581 iumentorii
1046 1517 1446 1580 animalium
1475 1519 1767 1600 piscium
1795 1520 2109 1583 uolucrii.
2202 1520 2454 1603 Sicque

346 1620 432 1683 ab
466 1620 666 1696 initio
701 1617 939 1681 mundi
971 1637 1191 1700 usque
1233 1618 1321 1681 ad
1357 1617 1562 1680 finem
1608 1626 1878 1683 statuta
1921 1628 2249 1701 precepta
2291 1641 2453 1685 con-

346 1719 589 1782 ditoris
652 1718 760 1782 sui
822 1718 969 1780 iure
1032 1717 1432 1781 custodiunt
1499 1719 1633 1780 nisi
1694 1718 1898 1782 homo
1952 1719 2143 1782 solus
2190 1721 2311 1801 qui
2364 1721 2450 1783 ad

346 1820 716 1901 imaginem
770 1836 901 1881 suu
950 1824 1226 1881 creatus
1266 1824 1337 1880 et
1387 1818 1703 1880 omnibus
1755 1817 2062 1899 prelatus
2117 1821 2451 1883 creaturis

345 1927 631 2002 propter
672 1918 1290 2025 preuaricationem
1335 1936 1676 1980 conruens
1716 1918 1788 1980 in
1839 1924 2151 1982 mortem.
2258 1918 2451 1997 Qua-

345 2027 631 2101 propter
662 2038 836 2099 ego.
865 2017 1369 2080 EadmunduS.
1404 2037 1531 2080 rex
1567 2017 1860 2099 angloru
1896 2017 2200 2082 coelestis
2229 2021 2452 2101 patrie

345 2119 685 2183 exardens
708 2117 982 2182 cuidam
1013 2118 1335 2199 religiose
1364 2118 1478 2179 8ὄο
1501 2118 1820 2182 monialis
1840 2118 2091 2181 femine
2113 2120 2446 2184 uocitate.

348 2218 754 2303 AEoelswipe
807 2265 822 2281 .
852 2234 929 2281 X.
983 2236 1261 2281 mansas
1301 2217 1659 2298 largiendo
1707 2217 2093 2281 condonaui
2141 2219 2283 2283 illic
2333 2221 2452 2283 ubi

344 2319 600 2401 uulgus
646 2319 875 2400 prisco
925 2317 1260 2381 relatione
1295 2318 1563 2382 uocitat
1589 2365 1604 2381 .
1630 2308 1733 2381 aet'
1774 2316 2447 2399 Oswaldinguillam.

346 2418 693 2497 Quatinus
741 2419 863 2482 illa
909 2418 1078 2480 bene
1117 2417 1513 2500 perfruatur
1556 2436 1639 2481 ac
1683 2417 2179 2511 perpetualiter
2228 2420 2449 2499 possi-

343 2519 505 2584 deat
562 2519 725 2582 dum
791 2518 994 2582 huius
1053 2518 1349 2584 labentis
1398 2519 1510 2581 eui
1573 2520 1777 2581 cursfi
1829 2524 2140 2582 transeat
2188 2519 2448 2584 inlesus

347 2627 557 2701 atque
606 2619 843 2682 uitalis
893 2615 1008 2705 sps
1059 2619 1132 2681 in
1186 2618 1617 2700 corruptibili
1676 2638 1880 2681 carne
1943 2619 2256 2683 inhereat
2311 2669 2323 2683 .
2379 2628 2449 2684 et

345 2727 505 2801 post
533 2718 609 2782 se*
649 2719 1057 2801 cuicumque
1101 2718 1400 2782 uoluerit
1434 2719 1826 2800 perenniter
1868 2716 2102 2782 heredi
2155 2719 2446 2783 derelin-

344 2826 516 2902 quat
560 2838 686 2882 ceu
732 2838 943 2900 supra
981 2818 1283 2881 diximus
1332 2819 1405 2880 in
1458 2826 1791 2882 aeternam
1834 2818 2235 2881 hereditate.
2341 2819 2449 2882 Sit

344 2927 575 2984 autem
599 2918 981 3000 predictum
1012 2938 1131 2981 rus
1164 2919 1337 2982 liber
1370 2918 1457 2981 ab
1490 2918 1677 2981 omni
1716 2916 2049 2979 mundiali
2088 2917 2447 2981 obstaculo

343 3040 498 3083 cum
540 3019 857 3083 omnibus
905 3018 994 3081 ad
1040 3038 1114 3081 se
1163 3017 1293 3082 rite
1347 3018 1850 3099 pertinentibus
1887 3065 1903 3080 .
1936 3017 2198 3098 campis
2236 3065 2250 3080 .
2286 3037 2449 3098 pas-

345 3120 490 3183 cuis
530 3168 546 3183 .
581 3120 801 3201 pratis
838 3167 853 3182 .
885 3117 1082 3182 siluis
1122 3168 1137 3184 .
1174 3118 1573 3200 siluariique
1646 3117 2038 3181 nemoribus
2088 3165 2104 3180 .
2154 3125 2446 3199 excepto

345 3219 498 3283 istis
531 3220 751 3283 tribus
796 3218 1237 3301 expeditione
1287 3217 1519 3299 pontis
1567 3218 1834 3281 arcisue
1890 3216 2443 3282 coaedificatione.

346 3319 421 3383 Si
463 3320 619 3402 quis
658 3317 705 3382 1³
745 3318 930 3401 quod
979 3338 1118 3382 non
1165 3325 1486 3399 optamus
1533 3317 1709 3380 hanc
1758 3318 1947 3380 niam
1997 3316 2446 3383 difinitionem

345 3419 665 3483 elationis
715 3418 955 3483 habitu
1007 3417 1329 3481 incedens
1376 3417 1749 3498 infringere
1794 3418 2239 3498 temptauerit
2291 3438 2446 3499 per-

343 3538 589 3601 pessus
625 3519 717 3583 sit
748 3519 993 3600 gelidis
1029 3516 1339 3599 glaciarii
1383 3517 1663 3581 flatibus
1697 3523 1766 3579 et
1803 3518 2105 3598 pennino
2135 3518 2444 3581 exercitu

342 3620 730 3701 malignorii
796 3619 1092 3700 spiritui}
1139 3665 1154 3680 .
1195 3616 1327 3678 nisi
1401 3617 1592 3698 prius
1656 3617 1945 3697 inriguis
2006 3618 2448 3699 poenitentiae

343 3719 712 3800 gemitibus
777 3727 847 3783 et
902 3736 1079 3800 pura
1141 3716 1616 3780 emendatione
1683 3717 2171 3780 emendauerit.
2280 3717 2446 3780 Istis

342 3819 746 3883 terminibus
798 3818 1110 3900 predicta
1159 3824 1343 3880 terra
1388 3818 1897 3898 circumgyrata
1941 3836 2092 3880 esse
2149 3816 2444 3881 uidetur.

343 3919 439 4003 pis
475 3926 640 4002 synt
668 3922 751 4003 pa
783 3917 1248 3998 landgemaero
1294 3922 1367 3980 to
1424 3916 1977 3996 oswaldingtune
2015 3963 2030 3979 .
2062 3924 2264 3980 aerest
2297 3917 2444 3980 aelf-

343 4018 517 4101 gysse
570 4038 797 4081 mearc
852 4037 942 4081 on
986 4024 1229 4080 eastan
1283 4012 1363 4080 οὔ
1416 4015 1794 4097 tetingford
1841 4016 1967 4099 bo'r'i
2015 4019 2235 4100 ponan
2269 4024 2444 4081 west

342 4119 423 4184 οὔ
470 4119 649 4183 done
693 4122 909 4203 ponne
951 4120 1173 4202 Ponan
1220 4119 1299 4201 op
1343 4117 1613 4198 eadgife
1657 4135 1927 4179 mearce
1970 4118 2187 4200 bonne
2224 4119 2445 4200 ponan

339 4229 411 4284 to
444 4224 583 4305 paes
628 4219 987 4299 bisceopes
1037 4236 1304 4280 mearce
1356 4224 1429 4280 to
1477 4216 1772 4296 cirringe
1818 4215 1899 4278 of
1933 4215 2227 4296 cirringe
2280 4219 2445 4301 norp

2144 4339 2176 4374 α
2199 4330 2230 4376 2
