3044 5019
634 407 719 470 12
1138 425 1481 475 cHAR'rAss
1527 427 2211 477 ANcLosAxochu.

630 582 901 660 missas,
925 604 1051 666 pro
1084 585 1494 649 Berhtuulfo
1528 605 1714 666 rege,
1745 591 1815 649 et
1859 604 1984 667 pro
2024 585 2210 648 illius
2257 584 2434 647 caris
2478 584 2742 661 amiciS,

633 688 704 743 et
755 702 881 763 pro
929 684 1118 746 omni
1163 692 1369 766 gente
1401 684 1842 761 Merciorum‚
1889 693 1967 747 ut
2012 704 2245 747 eorum
2294 684 2578 747 libertas
2622 684 2736 746 fir-

631 782 807 844 mior
835 802 917 846 ac
945 783 1258 847 stabilior
1287 790 1688 865 permaneat
1717 785 1788 846 in
1821 803 2093 860 aeuum,
2121 791 2191 847 et
2220 790 2297 846 ut
2326 784 2514 846 illius
2552 785 2736 865 regis

630 882 959 943 memoria
1001 888 1071 945 et
1119 884 1493 945 amicorum
1538 883 1709 959 eiua
1740 883 1857 965 qui
1888 882 2066 946 hanc
2109 883 2434 964 pietatem
2479 883 2552 945 in
2598 884 2736 946 ele-

629 980 967 1043 mosinam
999 982 1487 1063 sempiternam
1533 982 1752 1063 [cum]
1784 982 2101 1046 omnibus
2131 982 2411 1045 Merciis
2440 981 2542 1045 illi
2571 1001 2736 1045 con-

626 1074 1016 1159 gregationi
1062 1100 1154 1143 on
1207 1080 1574 1145 Breodune
1630 1081 2037 1158 donauerat,
2098 1082 2170 1144 in
2227 1100 2463 1145 eorum
2517 1083 2734 1145 sacris

628 1178 1057 1243 orationibus
1111 1179 1366 1261 iugiter
1408 1187 1809 1261 permaneat
1854 1200 2071 1262 usque
2110 1181 2182 1242 in
2232 1199 2507 1244 aeuum.
2612 1180 2733 1244 In-

627 1296 858 1359 super,
885 1278 958 1341 in
988 1280 1099 1342 dei
1143 1280 1635 1362 omnipotentis
1683 1280 1981 1355 nomine,
2014 1287 2083 1343 et
2116 1299 2365 1342 nouem
2416 1279 2730 1343 ordinum

623 1378 1050 1457 angelorum,
1099 1385 1170 1441 et
1217 1379 1521 1442 omnium
1567 1379 1940 1442 electorum
1974 1377 2258 1453 Christi,
2284 1386 2727 1460 praeceptum

615 1476 964 1557 ponimus,
992 1484 1072 1539 ut
1106 1478 1337 1540 nullus
1388 1496 1693 1558 unquam
1739 1496 1979 1558 regum
2017 1477 2130 1540 uel
2168 1478 2580 1559 principum,
2606 1486 2729 1543 aut

616 1575 913 1637 alicuius
937 1577 1251 1658 personis
1275 1575 1504 1653 homo,
1531 1595 1824 1658 magnus
1855 1577 2001 1639 siue
2029 1576 2361 1653 modicus,
2384 1577 2457 1640 in
2488 1577 2724 1659 aliquo

614 1681 926 1755 tempore
999 1674 1179 1738 hanc
1261 1675 1759 1758 praescriptam
1826 1675 2168 1739 libertatis
2251 1676 2548 1756 gratiam
2620 1678 2727 1740 in·-

613 1773 914 1854 fringere
975 1793 1191 1838 ausus
1241 1776 1356 1851 sit,
1414 1776 1535 1838 sed
1583 1794 1852 1857 semper
1901 1775 2169 1839 stabilis
2212 1782 2288 1839 et
2338 1776 2722 1840 indiscussa

614 1873 1038 1956 *firmiterque
1097 1874 1370 1939 firmata
1444 1875 1548 1939 illi
1613 1875 2131 1955 congregationi
2200 1894 2292 1938 on
2360 1875 2724 1939 Breodune

613 1992 849 2036 coram
880 1973 1010 2037 deo
1055 1981 1125 2037 et
1163 1973 1552 2037 hominibus
1597 1974 1851 2054 iugiter
1881 1981 2282 2055 permaneat
2327 1975 2402 2036 in
2447 1992 2716 2039 aeuum.

621 2072 824 2135 Haec
894 2080 1125 2136 autem
1196 2075 1466 2137 cartula
1522 2082 1859 2137 caraxata
1926 2080 2032 2136 est
2090 2092 2275 2137 anno
2335 2073 2716 2138 dominicae

611 2172 1110 2236 incarnationis
1159 2189 1491 2237 Dcccxm.
1575 2172 1961 2236 Indictione
2006 2189 2139 2236 1111.
2187 2172 2257 2234 in
2306 2173 2416 2236 die
2463 2175 2717 2237 natalis

606 2272 898 2347 -domini,
929 2272 1005 2334 in
1033 2273 1283 2336 celebri
1310 2274 1466 2336 uico
1496 2292 1591 2335 on
1619 2272 2179 2336 Tomeuuorthie.
2255 2271 2392 2335 His
2423 2272 2718 2338 testibus

605 2372 1223 2447 consentientibuS,
1254 2379 1324 2436 et
1363 2372 1635 2484 signum
1685 2372 1907 2435 crucis
1937 2370 2194 2435 Christi
2239 2370 2717 2451 scribentibus,

608 2490 906 2554 quorum
936 2472 1174 2536 subter
1203 2471 1482 2535 nomina
1509 2477 1753 2535 notata
1780 2478 1964 2535 sunt.

723 2573 802 2653 ›1‹
832 2571 986 2651 Ego
1047 2570 1434 2648 Berhtuulf‚
1489 2571 1812 2652 largiflua
1875 2570 1983 2634 dei
2049 2523 2520 2634 munificentia
2589 2573 2716 2637 rex

611 2670 1054 2746 Merciorum‚
1082 2670 1262 2733 hanc
1306 2690 1526 2734 meam
1554 2670 1893 2735 libertatis
1937 2669 2232 2751 gratiam
2280 2689 2364 2733 ac
2407 2672 2712 2736 omnium

602 2769 1030 2832 ¹Merciorum
1093 2790 1250 2833 cum
1310 2769 1512 2852 signo
1574 2778 1858 2834 sanctae
1916 2770 2140 2832 crucis
2203 2768 2489 2833 firmiter
2546 2791 2709 2835 con-

604 2869 922 2949 signabo.
1034 2871 1113 2951 ›1‹
1143 2869 1296 2951 Ego
1355 2869 1730 2952 Saethryth
1779 2869 2019 2950 regina
2062 2868 2383 2932 consensi
2430 2877 2503 2933 et
2546 2873 2708 2935 sub-

599 2968 870 3051 scripsi.
970 2971 1049 3051 *1⁴
1079 2969 1232 3051 Ego
1292 2968 1668 3052 Cyneferth
1731 2969 2093 3050 episcopus
2163 2969 2506 3032 consensi.
2621 2971 2700 3051 ›1‹

604 3069 764 3149 *Ego
818 3067 1078 3131 Aldred
1132 3069 1495 3150 episcopus
1552 3067 1894 3131 consensi.
2007 3069 2086 3149 ›1‹
2120 3066 2273 3146 Ego
2334 3067 2716 3132 Berehtred

602 3168 966 3248 episcopus
996 3167 1335 3229 consensi.
1447 3168 1527 3248 ›1‹
1567 3166 1720 3247 Ego
1754 3165 2115 3230 Heaberht
2146 3166 2512 3248 episcopus
2540 3188 2710 3231 con-
2781 3212 2788 3220 -

599 3266 810 3329 sensi.
923 3266 1002 3346 ›1‹
1031 3264 1184 3346 Ego
1219 3264 1565 3327 Cuthuulf
1583 3267 1946 3347 episcopus
1977 3264 2313 3328 consensi.
2429 3268 2508 3348 ›1‹
2550 3267 2710 3348 Ego

602 3364 968 3427 Eanmund
1030 3366 1246 3427 abbas
1313 3365 1650 3427 consensi.
1763 3366 1842 3446 ›1‹
1884 3365 2037 3444 Ego
2084 3362 2428 3427 Uuihtred
2486 3367 2708 3430 abbas

599 3464 939 3527 consensi.
1049 3464 1128 3544 ›1‹
1164 3462 1318 3544 Ego
1350 3461 1639 3528 Ceolred
1668 3464 1882 3527 abbas
1914 3463 2256 3528 consensi.
