3044 5019
894 433 1238 482 CHARTAE
1285 431 1609 480 ANGLOSA
1624 433 1969 481 xochss.
2340 416 2474 485 333

1150 750 1153 755 -
1175 699 1667 778 ccccnvn.

1096 823 1537 929 EADWIG,
1581 850 1735 915 956.

477 1002 555 1082 »1⁴
598 999 689 1062 IN
737 998 1010 1062 nomine
1074 999 1308 1063 Patris
1364 1008 1434 1064 et
1484 999 1649 1063 Filii
1709 1004 1779 1062 et
1825 995 2123 1080 Spiritus
2184 995 2469 1064 Sancti!

367 1100 544 1164 Cum
584 1100 673 1162 ob
702 1099 1246 1163 recordationem
1286 1101 1441 1163 aeui
1484 1100 1780 1163 labentis
1824 1099 2246 1162 memorandi
2286 1100 2471 1163 litte-

364 1220 486 1263 rae
520 1200 845 1263 inuentae
879 1199 1353 1276 dinoscuntur,
1389 1200 1616 1263 uisum
1663 1206 1769 1262 est
1801 1198 2078 1279 regibus
2111 1217 2238 1261 sua
2268 1199 2473 1276 dona,

365 1300 732 1382 praecipue
766 1299 1048 1381 praedia
1091 1301 1452 1384 tyronibus
1499 1299 2042 1374 accommodata,
2093 1306 2475 1379 grammate

366 1396 786 1481 praenotari,
833 1407 911 1463 ut
954 1399 1365 1482 postgenitis
1410 1400 1639 1462 luceat
1683 1399 1985 1479 dignitas
2029 1398 2275 1461 merita
2330 1398 2471 1460 sin-

367 1499 710 1579 gulorum.
849 1497 1293 1581 Quapropter
1351 1518 1482 1579 ego
1539 1498 1832 1578 Eadwig
1892 1517 2017 1561 rex
2081 1495 2470 1579 Anglorum

367 1598 641 1661 cuidam
664 1596 846 1661 fideli
879 1598 1171 1661 feminae
1211 1600 1482 1662 nomine
1507 1596 1905 1681 AElfswyssae
1929 1597 2163 1660 decem
2194 1616 2472 1660 mansas

365 1698 483 1760 ubi
538 1696 790 1760 dicitur
825 1706 939 1762 aet
985 1697 1445 1774 Corsantune,
1488 1697 1563 1759 in
1600 1697 1709 1760 ius
1741 1696 2276 1760 haereditarium
2308 1716 2471 1759 con-

367 1796 561 1873 cedo,
584 1816 740 1859 cum
762 1798 1078 1860 omnibus
1103 1798 1191 1860 ad
1213 1818 1288 1861 se
1315 1796 1840 1879 pertinentibuS,
1869 1795 1956 1859 ad
1985 1795 2473 1877 possidendum

371 1904 441 1960 et
485 1896 571 1959 ad
606 1895 932 1973 dandum,
978 1897 1417 1978 perhenniter
1447 1898 1751 1960 solutum
1800 1896 1985 1959 omni
2025 1895 2190 1975 iugo
2231 1896 2482 1976 regali‚'

369 2003 643 2077 praeter
677 1997 1212 2078 expeditionem,
1244 1997 1476 2078 pontis
1511 2003 1581 2059 et
1614 1997 1793 2059 arcis
1828 1995 2199 2059 munimen.
2305 1993 2478 2058 Ete-'

370 2096 511 2158 nim
570 2094 787 2178 liquet
848 2096 1101 2158 nemini
1168 2095 1377 2159 licere
1441 2115 1762 2159 amouere
1824 2096 1956 2159 hoc
2021 2094 2276 2158 donum
2338 2095 2472 2158 nisi

374 2194 742 2258 anathema
772 2194 923 2258 fieri
958 2215 1084 2276 pro
1130 2196 1410 2258 minimo
1456 2195 1688 2258 ducat.
1795 2194 2165 2258 Peractum
2213 2201 2319 2257 est
2347 2194 2477 2257 hoc

371 2313 552 2357 anno
608 2285 991 2357 dominicae
1034 2295 1528 2358 incarnationis
1575 2311 1821 2357 Dcccc.
1828 2311 1970 2357 Lvl.
2006 2293 2276 2413 imperii
2308 2312 2473 2357 uero

376 2393 512 2456 mei
543 2394 764 2475 primo
799 2413 1004 2472 anno,
1041 2402 1172 2458 etc.

471 2492 625 2575 Ego
693 2493 992 2576 Eadwig
1048 2514 1176 2558 rex
1241 2492 1561 2559 Albionis
1617 2492 1751 2557 hoc
1818 2493 2075 2557 donum
2149 2512 2274 2574 per
2349 2493 2473 2557 tri·
2556 2569 2562 2580 ¹

372 2593 701 2675 umphum
750 2600 1034 2658 sanctae
1102 2596 1180 2676 »1⁴
1237 2594 1572 2675 impressi.
1678 2593 1831 2674 Ego
1887 2593 2170 2674 Eadgar
2211 2592 2486 2657 indoles'

368 2692 533 2756 clito
589 2694 905 2757 consensi
947 2696 1058 2776 ᾧ.
1150 2693 1304 2774 Ego
1347 2693 1503 2757 Oda
1549 2693 2107 2775 archiepiscopus
2153 2693 2474 2756 corrobo-

370 2793 523 2855 raui
555 2795 666 2875 ᾧ.
758 2792 913 2874 Ego
937 2793 1235 2875 AElfsige
1267 2794 1634 2875 episcopus
1669 2792 2070 2855 confirmaui
2103 2793 2215 2873 ᾧ.
2322 2791 2485 2872 Ego'

372 2892 657 2974 Oscytel
699 2892 1064 2975 episcopus
1098 2893 1422 2976 adquieui
1465 2893 1577 2973 ἧς.
1669 2890 1823 2972 Ego
1861 2890 2073 2954 Osulf
2111 2890 2477 2973 episcopus

370 2991 629 3055 dictaui
672 2993 785 3073 ᾧ.
888 2992 1042 3074 Ego
1078 2992 1438 3075 Byrhtelm
1472 2991 1839 3074 episcopus
1872 2989 2082 3054 annui
2118 2990 2229 3070 ᾧ.
2323 2989 2477 3070 Ego

379 3092 630 3155 Daniel
695 3092 1060 3174 episcopus
1139 3092 1514 3174 subscripsi
1579 3092 1689 3172 ᾧ.
1831 3089 2107 3172 AElfgar
2170 3088 2313 3151 dux
2365 3091 2484 3171 ›1⁴ss

376 3191 693 3254 AElfhere
758 3190 903 3253 dux
965 3194 1072 3274 ᾧ.
1210 3191 1575 3254 Eadmund
1641 3190 1787 3252 dux
1852 3192 1963 3272 ᾧ.
2099 3188 2479 3274 AEpelwold

373 3290 518 3353 dux
547 3293 658 3373 ᾧ.
766 3291 1121 3375 AEpelstan
1149 3291 1294 3354 dux
1323 3292 1401 3372 »1⁴
1419 3337 1434 3354 .
1541 3290 1897 3374 AEpelstan
1919 3290 2064 3352 dux
2094 3284 2201 3370 »xm
2252 3288 2482 3373 AEpel-

376 3390 586 3453 mund
618 3391 762 3455 dux
795 3393 906 3473 ᾧ.
1013 3391 1378 3474 AEpelmaer
1408 3390 1719 3454 minister
1746 3391 1856 3471 ᾧ.
1963 3387 2210 3451 AElfric
2242 3388 2478 3449 minis-

376 3496 484 3553 ter
531 3492 640 3572 ᾧ.
801 3490 1127 3554 AElfwine
1188 3490 1500 3554 minister
1556 3491 1667 3571 ᾧ.
1809 3485 2176 3570 Βγνὴῐΐθτὸ
2243 3485 2482 3550 minis-

375 3597 482 3653 ter
522 3591 633 3671 ᾧ.
740 3590 1009 3653 AElfred
1060 3590 1372 3654 minister
1419 3591 1525 3671 ᾧ.
1632 3587 1961 3669 Wulfgar
2010 3587 2324 3650 minister
2367 3588 2478 3668 »Χη-
2563 3617 2566 3620 “

377 3689 790 3774 AEpelgeard
821 3687 1133 3754 minister
1179 3690 1290 3770 ᾧ.
