3044 5019
589 382 720 447 178
1087 398 1430 445 anRrAn
1475 395 2164 444 ANGmSAxochss.

592 558 764 621 deus
830 575 960 620 sua
1017 556 1280 638 pietate
1343 554 1729 635 eripuisset.
1836 553 1972 616 Sed
2041 552 2410 616 denudatis
2470 572 2708 617 eorum

592 656 1164 720 machinamentis
1196 656 1527 718 remissus
1562 661 1671 717 est
1694 652 1963 716 AElfred
1994 654 2085 715 ad
2121 653 2511 716 Romanam
2548 674 2704 718 aec-

596 758 903 833 clesiam,
964 763 1045 819 ut
1090 755 1187 818 ibi
1236 775 1312 818 se
1361 774 1597 818 coram
1645 754 2031 836 apostolico
2088 753 2401 817 Iohanne
2445 754 2703 817 iureiu-

597 856 815 920 rando
863 856 1283 919 defenderet.
1387 855 1481 918 Et
1535 854 1665 919 hoc
1709 854 1876 917 fecit
1924 872 2158 917 coram
2212 854 2434 917 altare
2481 856 2708 918 sancti

602 955 821 1034 Petri,
851 956 972 1040 sed
1022 955 1208 1019 facto
1252 955 1642 1018 iuramento
1680 953 1930 1017 cecidit
1975 972 2208 1016 coram
2258 954 2502 1029 altare,
2554 962 2626 1018 et
2665 972 2709 1017 a

600 1055 919 1120 manibus
958 1075 1240 1119 suorum
1293 1054 1712 1118 famulorum
1759 1059 2080 1136 portatus
2133 1060 2243 1117 est
2291 1054 2381 1116 ad
2430 1052 2708 1116 Scolam

601 1154 1016 1238 Anglorum,
1061 1163 1133 1219 et
1163 1154 1259 1218 ibi
1291 1155 1500 1218 tertia
1544 1160 1748 1217 nocte
1791 1152 2012 1216 uitam
2062 1152 2313 1216 finiuit.
2404 1152 2497 1215 Et
2542 1161 2709 1216 tunc

601 1255 1030 1338 apostolicus
1095 1255 1181 1317 ad
1247 1273 1374 1317 nos
1428 1241 1741 1330 remisit,'
1782 1259 1853 1316 et
1902 1252 2070 1335 quid
2122 1252 2208 1314 de
2247 1272 2331 1316 eo
2383 1260 2712 1333 ageretur

599 1376 644 1419 a
675 1355 873 1419 nobis
912 1354 1284 1431 consuluit,
1323 1373 1414 1417 an
1458 1373 1617 1416 cum
1661 1353 1955 1417 caeteris
2008 1352 2402 1415 christianis
2454 1372 2707 1434 corpus

601 1455 749 1518 eius
809 1461 1204 1536 poneretur.
1312 1452 1449 1516 His
1513 1453 1816 1535 peractis
1870 1458 1940 1515 et
1993 1453 2191 1516 nobis
2257 1452 2705 1529 renunciatiS,

602 1555 975 1636 optimates
1009 1561 1289 1617 nostrae
1332 1553 1658 1634 regionis,
1709 1572 1865 1615 cum
1928 1552 2472 1634 propinquorum
2524 1551 2712 1615 illius

599 1661 856 1731 turma,
911 1653 1386 1735 efflagitabant
1441 1652 1629 1716 omni
1691 1651 2108 1728 humilitate,
2173 1659 2252 1715 ut
2313 1671 2564 1733 corpus
2627 1652 2711 1714 il-

609 1753 745 1817 lius
781 1774 906 1836 per
936 1760 1247 1817 nostram
1285 1753 1637 1816 licentiam
1681 1772 1839 1814 cum
1885 1753 2288 1833 corporibus
2340 1759 2715 1833 poneretur

599 1853 1175 1932 christianorum3
1222 1853 1559 1935 nobisque
1598 1852 1876 1915 illorum
1911 1850 2390 1932 efflagitationi
2423 1871 2712 1915 consen-

601 1953 935 2017 tientibus
1005 1953 1305 2016 Romam
1380 1951 1792 2027 remisimuS,
1854 1959 1924 2014 et
1989 1952 2462 2015 consentiente
2527 1971 2714 2033 papa

603 2053 874 2135 positus
925 2059 1033 2116 est
1079 2053 1167 2116 ad
1213 2059 1526 2115 caeteros
1568 2051 2006 2127 christianos,
2040 2051 2361 2133 quamuis
2388 2051 2715 2132 indignus

600 2159 829 2216 esset:
878 2159 948 2216 et
975 2153 1077 2215 sic
1110 2152 1463 2215 uindicata
1481 2158 1590 2214 est
1616 2158 1768 2214 tota
1796 2152 2143 2232 possessio
2166 2152 2313 2213 eius
2339 2150 2412 2211 in
2437 2152 2712 2231 magnis

601 2258 674 2315 et
705 2252 778 2314 in
811 2252 1121 2315 modicis,
1208 2251 1345 2314 Sed
1381 2258 1451 2314 et
1483 2251 1655 2314 haec
1685 2250 1999 2332 apicibus
2027 2249 2386 2313 literarum
2414 2269 2712 2332 praeno-

603 2353 933 2428 tauimus,
986 2372 1072 2413 ne
1119 2350 1449 2433 quamdiu
1494 2350 1964 2414 christianitas
2014 2357 2281 2432 regnet,
2325 2350 2709 2415 aboleatur.

605 2451 813 2515 Unde
861 2450 1028 2515 mihi
1077 2450 1394 2534 praefata
1456 2449 1831 2533 possessio,
1880 2469 2090 2533 quam
2143 2449 2273 2513 deo
2339 2457 2409 2513 et
2469 2459 2715 2516 sancto

537 2628 550 2633 α
605 2550 817 2615 Petro
870 2551 1050 2626 dedi,
1095 2551 1435 2614 donatur:
1493 2570 1620 2614 nec
1666 2549 1918 2613 iustius
1968 2550 2158 2627 noui,
2214 2569 2422 2632 quam
2469 2551 2599 2614 deo
2639 2565 2710 2615 et

601 2658 845 2715 sancto
887 2650 1100 2715 Petro
1135 2651 1313 2714 hanc
1352 2651 1861 2732 possessionem
1900 2649 2165 2727 darem,
2194 2651 2314 2732 qui
2359 2651 2710 2714 aemulum

603 2771 831 2814 meum
875 2751 947 2813 in
977 2760 1353 2833 conspectu
1403 2751 1710 2813 omnium
1762 2751 2008 2813 cadere
2052 2750 2385 2825 fecerunt,
2431 2756 2502 2813 et
2543 2751 2712 2814 mihi

605 2852 976 2916 sanitatem
1028 2859 1098 2914 et
1147 2851 1342 2930 regni
1387 2851 1921 2932 prosperitatem
1976 2849 2214 2932 largiti
2259 2857 2445 2913 sunt.
2549 2849 2714 2913 Hiis

605 2952 899 3016 testibus
944 2951 1557 3025 consentientibus,
1606 2969 1902 3032 quorum
1945 2948 2232 3014 inferius
2277 2950 2560 3012 nomina
2609 2971 2714 3013 re-

604 3052 934 3127 citantur,
990 3071 1173 3114 anno
1237 3050 1623 3113 dominicae
1683 3048 2181 3113 incarnationis
2235 3064 2711 3113 mcccxxxr

606 3158 767 3214 acta
799 3157 906 3214 est
932 3149 1102 3213 haec
1131 3150 1449 3232 praefata
1478 3149 1788 3212 libertaS.

709 3249 862 3330 Ego
927 3249 1283 3334 AEpelstan
1348 3269 1474 3312 rex
1558 3249 1776 3313 totius
1843 3248 2251 3313 Britanniae
2329 3248 2715 3330 praefatam

608 3349 1051 3413 donationem
1103 3369 1260 3412 cum
1314 3349 1546 3430 sigillo
1601 3356 1886 3413 sanctae
1925 3349 2150 3412 crucis
2184 3348 2713 3432 confirmauiffl.

607 3449 762 3531 Ego
812 3449 1262 3513 Eadmundus
1314 3447 1621 3512 eiusdem
1673 3450 1858 3530 regis
1913 3448 2131 3511 frater
2179 3448 2712 3529 consignauiffl.

608 3550 764 3631 Ego
841 3548 1113 3613 Eadred
1201 3547 1504 3611 eiusdem
1586 3548 1771 3628 regis
1855 3547 2069 3610 frater
2153 3547 2564 3627 consignaui
2605 3551 2683 3630 ›1‹
2700 3596 2715 3612 .

606 3649 760 3730 Ego
789 3648 1183 3714 Wulfhelm
1223 3647 1777 3712 Dorobernensis
1822 3645 2200 3710 aecclesiae
2250 3645 2717 3727 archiepisco-

602 3768 735 3831 pus
793 3749 1096 3813 eiusdem
1158 3748 1342 3830 regis
1394 3747 1836 3811 donationem
1882 3766 2038 3810 cum
2088 3745 2426 3828 trophaeo
2491 3765 2714 3830 agyae

603 3850 828 3913 crucis
861 3848 1361 3930 consignauiffl
1379 3895 1394 3910 .
1487 3847 1642 3928 Ego
1678 3846 1994 3910 Deodred
2018 3845 2524 3909 Lundoniensis
2559 3867 2716 3911 aec-

603 3949 858 4013 clesiae
908 3949 1274 4031 episcopus
1311 3945 1842 4028 consignauiffl.
1949 3946 2102 4027 Ego
2137 3944 2474 4008 AElfheah
2510 3946 2714 4010 Win-

600 4049 937 4113 toniensis
970 4046 1348 4111 aecclesiae
1380 4046 1747 4128 episcopus
1779 4044 2267 4127 triumphalem
2300 4045 2715 4126 trophaeum

603 4168 827 4231 agyae
880 4146 1105 4211 crucis
1153 4146 1563 4228 impressiffl
1580 4193 1595 4208 .
1720 4145 1872 4226 Ego
1925 4144 2299 4209 Coenwald
2347 4143 2718 4230 episcopus
