3044 5019
530 451 659 514 154
1030 466 1377 513 οΗΑΒΤΑΕ
1429 466 2109 515 ANcmsAxochE.

530 644 657 706 pro
726 644 1008 688 munere
1070 625 1380 705 quolibet
1430 625 1594 688 dare
1644 632 2115 707 praesumant.
2231 624 2643 689 Saeculares

527 724 743 805 igitur
810 725 1291 806 episcoporum
1361 724 1621 789 ditione
1699 725 1992 788 subiecti
2061 726 2247 788 intra
2304 726 2643 789 ambitum

530 824 735 887 huius
800 825 1148 906 spatiosae
1213 824 1479 887 telluris
1544 825 1834 888 diuersis
1900 826 1973 887 in
2038 824 2224 887 uillis
2285 824 2643 906 degenteS,

530 944 811 988 censum
862 924 1237 1006 episcopali
1289 924 1435 987 sedi
1488 925 1914 1006 persoluant,
1965 932 2037 988 et
2100 925 2641 1007 expeditionem,

529 1025 787 1106 pontiS,
838 1025 1106 1088 arcisue
1156 1025 1756 1101 restaurationem,
1812 1025 1974 1087 dum
2029 1025 2405 1087 necessitas
2438 1025 2637 1089 incu-

531 1125 780 1201 buerit,
813 1124 1296 1188 incunctanter
1325 1132 1686 1206 peragant.
1793 1125 1888 1187 Et
1915 1124 2041 1187 has
2065 1142 2129 1188 c,
2151 1143 2429 1187 mansas
2450 1127 2640 1188 omni

528 1224 860 1306 obsequio
894 1224 1288 1300 defendant,
1313 1226 1414 1288 ita
1431 1232 1511 1287 ut
1542 1224 1979 1288 Ciltancumb
2015 1243 2170 1287 cum
2203 1224 2347 1287 suis
2376 1244 2639 1307 appen-
2698 1216 2704 1221 ’

526 1324 726 1388 diciis
754 1344 880 1406 pro
913 1344 1055 1387 una
1081 1324 1562 1388 tantummodo
1592 1343 1856 1401 mansa,
1885 1331 1965 1387 ut
1989 1324 2155 1387 olim
2184 1325 2641 1389 constitutum

527 1424 778 1500 fuerat,
835 1431 1216 1505 reputetur.
1327 1424 1666 1488 Moderno
1732 1432 2040 1506 tempore
2114 1431 2196 1488 ut
2251 1425 2639 1506 antiquitus

528 1525 981 1587 constitutum
1035 1524 1284 1601 suerat,
1335 1523 1880 1606 Hnutscillingc,
1927 1532 1997 1588 et
2030 1523 2639 1605 Ceolboldingtun,

527 1625 600 1686 in
629 1623 1020 1705 quantitate
1067 1623 1309 1686 horum
1362 1641 1426 1688 e.
1469 1631 1921 1701 cassatorum,
1970 1625 2368 1707 persistant.
2475 1623 2639 1689 Hoc

529 1743 806 1805 quoque
838 1724 912 1786 in
941 1724 1215 1787 nomine
1264 1723 1488 1786 almae
1518 1723 1884 1788 Trinitatis
1922 1733 1995 1788 et
2020 1724 2418 1787 indiuiduae
2460 1723 2640 1789 Uni·

530 1824 696 1887 tatis
764 1823 1021 1887 obnixe
1079 1823 1500 1904 flagitamuS‚
1550 1832 1623 1887 et
1668 1825 1855 1887 beati
1904 1822 2097 1888 Petri
2163 1823 2640 1906 apostolorum

529 1924 859 2006 principis
926 1924 1342 1988 auctoritate
1409 1924 1893 2006 praecipimuS‚
1957 1932 2036 1987 ut
2090 1943 2254 1986 rura
2310 1943 2488 2006 quae
2549 1927 2638 1988 ab

526 2023 1079 2087 antecessoribus
1134 2024 1303 2098 suis,
1349 2024 1651 2087 maxime
1682 2043 1726 2086 a
1754 2024 2186 2100 Denewulf0,
2234 2024 2323 2086 ad
2368 2024 2640 2088 animae

527 2142 696 2186 suae
725 2123 1130 2205 periculum,
1165 2123 1456 2186 diuersis
1505 2123 1961 2187 saecularium
2010 2124 2321 2206 personis
2365 2142 2638 2187 accom-

525 2223 811 2287 modata
828 2222 1125 2299 fuerant,
1151 2223 1313 2286 dum
1336 2231 1755 2305 oportunum
1774 2223 1982 2287 fuerit
1999 2231 2267 2287 statuto
2286 2241 2329 2286 a
2346 2224 2637 2305 praede-

528 2324 915 2387 cessoribus
963 2323 1305 2405 episcopis
1335 2330 1667 2405 tempore,
1702 2323 1849 2386 sine
1884 2323 2028 2386 ullo
2056 2325 2639 2388 controuersionis

529 2424 913 2498 obstaculo,
955 2424 1029 2486 in
1078 2422 1564 2504 qualicumque
1611 2424 1751 2486 sint
1800 2424 2157 2504 prouincia
2208 2423 2319 2486 uel
2368 2424 2637 2505 episco-

527 2531 725 2606 patu,
793 2523 1207 2586 Uuentanae
1269 2523 1657 2587 cathedrae*
1686 2526 2165 2588 restituantur.
2271 2524 2345 2587 Si
2403 2532 2638 2589 autem

529 2622 872 2686 redditum
916 2623 1297 2687 accelerare
1330 2623 1631 2687 uoluerit
1661 2643 1920 2702 eorum,
1948 2625 2020 2686 in
2051 2625 2269 2706 ipsius
2302 2625 2640 2689 consistat

530 2723 841 2799 arbitrio,
893 2724 1262 2805 praecipue
1306 2724 1469 2787 dum
1514 2725 1761 2787 beatae
1809 2725 2178 2788 memoriae
2228 2723 2635 2788 Theodorus

531 2823 661 2886 hoc
719 2823 884 2886 olim
929 2823 1375 2886 interdicerat
1425 2823 1644 2901 nefas,
1700 2843 1787 2886 ne
1841 2823 2104 2887 scilicet
2155 2825 2637 2906 episcoporum

530 2923 875 3005 quispiam
922 2922 1198 2986 Christo
1248 2922 1573 2986 collatam
1630 2944 1673 2987 a
1721 2923 2080 2987 catholicis
2131 2925 2639 3006 possessionem

531 3043 657 3105 pro
688 3023 999 3105 quolibet
1030 3042 1309 3086 munere
1355 3024 1794 3086 temerarium
1837 3023 2003 3087 dare
2038 3023 2154 3087 uel
2188 3025 2637 3088 accomodare

531 3130 1033 3205 praesumeret;
1071 3130 1623 3204 praesumentem
1655 3123 1969 3205 equidem
1989 3124 2448 3187 anathematis
2480 3125 2636 3187 uin-

532 3222 689 3285 culo
740 3222 1093 3284 inretitum
1140 3221 1435 3286 sinodali
1480 3223 1839 3287 damnauit
1877 3224 2191 3301 concilio,
2238 3230 2310 3287 et
2342 3231 2486 3286 tam
2529 3224 2636 3286 in-

532 3321 798 3384 licitum
841 3341 923 3384 ac
965 3322 1453 3385 inconueniens
1482 3323 1722 3386 datum
1765 3343 2197 3386 successores
2242 3323 2638 3387 nullatenus

530 3428 717 3485 stare
745 3422 1223 3503 permitterent
1252 3423 1495 3500 iussit;
1543 3442 1629 3485 ne
1663 3442 1883 3505 prauo
1918 3430 2432 3487 antecessorum
2471 3443 2637 3487 con-

531 3522 685 3585 silio
745 3540 1176 3585 successores
1241 3521 1325 3586 ad
1389 3522 1568 3585 hanc
1631 3522 2131 3587 deducerentur
2190 3523 2496 3605 inopiam
2557 3532 2639 3587 ut

513 3621 794 3686 Christi
838 3622 1255 3704 pauperibus
1317 3622 1481 3703 quid
1538 3630 1904 3703 erogarent
1954 3643 2094 3686 non
2160 3623 2513 3687 haberent.
2570 3640 2635 3687 ο.

533 3741 815 3785 mansae
846 3723 919 3784 in
948 3722 1238 3786 Duntun
1278 3722 1448 3785 etin
1485 3723 1967 3787 Eblesburnan
2016 3742 2190 3805 quas
2237 3723 2403 3786 mihi
2436 3742 2637 3805 prae-

532 3821 718 3885 fatus
774 3822 1325 3886 accommodauit
1373 3823 1764 3905 episcopus»,
1810 3831 1881 3887 et
1916 3840 2097 3887 LXX.
2133 3823 2207 3886 in
2237 3823 2637 3904 Beadding-

532 3929 702 3985 tune
759 3941 934 4003 quas
997 3921 1162 3984 mihi
1218 3922 1578 3986 Deneuulf
1622 3923 2268 3987 accommodauerat
2332 3923 2636 4005 praesul,

533 4021 596 4084 si
647 4020 776 4084 hoc
825 4021 928 4084 illi
987 4021 1349 4103 placuerit,
1413 4030 1493 4086 ut
1553 4022 1658 4085 his
1720 4024 1872 4086 uita
1916 4024 2165 4086 comite
2228 4022 2442 4100 fruar,
2478 4029 2639 4105 post

532 4121 794 4185 obitum
844 4140 1071 4183 meum
1125 4121 1541 4185 Uuentanae
1575 4123 1950 4188 aecclesiae
1996 4123 2208 4187 libere
2261 4124 2638 4186 restituan-

534 4228 668 4285 tur,
727 4220 1008 4284 Nostris
1032 4221 1422 4285 salubribus
1445 4223 2002 4304 obtemperantes
2021 4222 2409 4304 praeceptis
2436 4241 2634 4305 prae-
