3044 5019
863 470 1208 517 cHAR'rAss
1251 468 1935 520 ANcnoSAxochE.
2345 458 2476 522 343

350 629 744 706 obstaculo,
780 627 1092 710 exceptis
1116 628 1222 690 his
1247 629 1495 705 tribuS,
1525 649 1703 711 quae
1732 629 2048 692 omnibus
2080 632 2470 695 communia

349 728 520 805 sint,
555 728 626 790 id
658 735 787 804 est,
833 727 1294 810 expeditionis
1356 737 1427 793 et
1473 729 1677 806 arcis,
1733 729 2054 809 pontisue
2110 738 2466 795 construc-

353 828 571 891 tione.
678 826 881 891 Haec
912 828 1196 891 donatio
1229 828 1415 892 facta
1451 836 1559 892 est
1593 848 1775 892 anno
1822 828 2205 892 dominicae
2238 830 2465 894 incar-

350 928 660 991 nationis
695 944 1094 991 Dccccnvn.
1144 928 1518 991 indictione
1558 945 1682 991 XV.
1731 929 1926 1009 regni
1956 929 2091 991 mei
2136 931 2461 1007 secundo,-

348 1025 426 1089 in
486 1027 656 1090 uilla
708 1047 888 1109 quae
932 1027 1184 1090 dicitur
1230 1025 1569 1090 Ebandun
1608 1043 1758 1090 .vn.
1791 1027 1947 1089 idus
1982 1027 2181 1104 Maii,
2231 1049 2461 1093 coram

350 1113 622 1189 idoneis
684 1128 976 1190 testibus
1029 1145 1321 1209 quorum
1375 1127 1655 1190 nomina
1709 1126 1889 1189 infra
1937 1126 2230 1190 collecta
2274 1135 2459 1193 sunt.

351 1225 589 1308 Siquis
624 1245 879 1307 augere
913 1226 1235 1303 uoluerit,
1267 1226 1529 1289 tribuat
1563 1226 1666 1290 illi
1713 1224 1881 1288 deus
1913 1226 1986 1288 in
2019 1225 2148 1290 hoc
2182 1229 2462 1291 saeculo

349 1326 575 1389 uitam
619 1326 1057 1407 longaeuam,
1115 1333 1186 1389 et
1252 1326 1323 1388 in
1386 1327 1622 1389 futuro
1684 1326 2196 1408 sempiternam.
2337 1327 2460 1390 Sin

350 1432 588 1489 autem
617 1427 923 1490 minuere
954 1426 1291 1507 satagerit
1322 1433 1635 1490 nostram
1679 1426 1966 1489 liberam
1997 1426 2460 1506 largitionem,

351 1525 448 1589 sit
481 1526 711 1589 socius
744 1545 980 1589 eorum
1013 1526 1264 1609 quibus
1305 1525 1471 1590 dicit
1515 1524 1972 1609 aequissimus
2007 1525 2339 1608 libripens
2389 1528 2460 1589 in

349 1625 465 1688 die
499 1624 759 1704 iudicii,
794 1625 904 1690 Ite
937 1625 1286 1689 maledicti
1329 1626 1403 1688 in
1448 1626 1679 1706 ignem
1715 1632 2069 1689 aeternum
2105 1626 2224 1708 qui
2259 1646 2461 1708 prae-

350 1732 639 1807 paratus
692 1732 799 1790 est
842 1725 1119 1789 diabolo
1154 1732 1226 1789 et
1272 1725 1540 1806 angelis
1586 1726 1759 1801 eiuS‚
1813 1726 1873 1788 si
1914 1744 2052 1787 non
2103 1723 2213 1787 hic
2268 1727 2460 1805 prius

348 1825 714 1889 emendare
746 1826 1089 1889 maluerit.

464 1926 542 2006 »1⁴
576 1924 730 2006 Ego
768 1925 1060 2006 Eadwig
1091 1945 1216 1988 rex
1239 1922 1628 2006 Anglorum
1659 1943 1816 1987 cum
1849 1941 2188 1986 consensu
2220 1921 2459 1987 docto-

348 2043 505 2086 rum
543 2043 850 2088 meorum
883 2045 1040 2088 cum
1073 2025 1272 2106 signo
1309 2030 1595 2088 sanctae
1617 2025 1695 2105 »1⁴
1716 2023 1940 2087 crucis
1973 2023 2317 2086 roboraui.
2371 2025 2449 2105 »1⁴

354 2124 510 2204 Ego
563 2124 845 2206 Eadgar
890 2125 1195 2188 eiusdem
1249 2126 1433 2207 regis
1484 2124 1700 2187 frater
1756 2122 2075 2187 consensi
2122 2122 2456 2188 celeriter.

361 2227 442 2304 ›1‹
489 2224 640 2305 Ego
675 2224 830 2287 Oda
879 2224 1438 2306 archiepiscopus
1473 2223 2027 2288 Dorouernensis
2083 2223 2458 2287 aecclesiae

351 2322 614 2387 Christi
642 2325 917 2406 possedi
951 2331 1019 2387 et
1055 2324 1451 2406 subscripsi.
1567 2325 1644 2404 ›1‹
1691 2322 1844 2403 Ego
1879 2321 2219 2385 AElfsinus
2257 2341 2456 2404 prae-

348 2422 461 2486 sul
495 2423 799 2505 sigillum
835 2424 1038 2505 agiae
1070 2423 1293 2487 crucis
1325 2426 1403 2506 »1⁴
1432 2422 1771 2504 impressi.
1813 2460 1818 2467 ·
1888 2422 1966 2502 »1⁴
2010 2419 2165 2501 Ego
2200 2421 2457 2504 Byrht-

348 2524 485 2587 elm
551 2525 915 2607 episcopus
979 2525 1406 2588 confirmaui.
1580 2525 1657 2604 ›1‹
1705 2522 1857 2604 Ego
1919 2521 2249 2585 Cenwald
2313 2523 2457 2605 epi-

348 2643 602 2706 scopus
632 2625 1058 2706 consignaui.
1174 2627 1251 2706 ›1‹
1297 2624 1451 2705 Ego
1488 2621 1774 2704 Oscytel
1820 2622 2185 2704 episcopus
2225 2642 2457 2687 corro-

349 2724 616 2788 boraui.
732 2728 809 2807 ›1‹
856 2724 1008 2805 Ego
1055 2722 1269 2787 Osulf
1303 2724 1668 2805 episcopus
1721 2720 2068 2804 adquieui.
2183 2723 2261 2811 ›1‹
2306 2723 2458 2803 Ego

354 2823 714 2909 Byrhtelm
747 2825 1112 2907 episcopus
1136 2843 1275 2886 non
1308 2823 1527 2887 renui.
1643 2823 1721 2903 »Β
1765 2821 1919 2902 Ego
1948 2820 2280 2884 AElfwold
2313 2822 2457 2903 epi-

349 2942 625 3005 scopus,
762 2927 839 3006 ›1‹
874 2924 1026 3005 Ego
1055 2923 1403 3004 Wulfsige
1452 2922 1844 3004 episcopus
1947 2923 2024 3002 ›1‹
2062 2920 2213 3000 Ego
2247 2917 2468 3010 Abulf

352 3024 741 3106 episcopus.
796 3069 799 3074 -
890 3025 968 3105 »1⁴
1010 3023 1163 3105 Ego
1225 3022 1570 3106 Cynesige
1630 3021 2019 3101 episcopus.
2154 3022 2231 3101 ›1‹
2299 3019 2457 3101 Ego

346 3122 604 3186 Daniel
640 3124 1026 3205 episcopus,
1140 3125 1218 3205 »1⁴
1263 3122 1625 3187 AEbelstan
1671 3119 1838 3183 dux,
1954 3121 2032 3201 »1⁴
2090 3118 2455 3182 Eadmund

348 3222 521 3289 dux.
569 3297 574 3302 ⁶
634 3226 712 3306 »1⁴
736 3223 1053 3287 AElfhere
1085 3223 1251 3286 dux.
1367 3225 1445 3305 ›1‹
1469 3219 1819 3302 AEbelsige
1846 3219 2014 3282 dux,
2129 3219 2454 3301 ›1⁴AE5el-

350 3322 532 3388 wold
585 3323 751 3387 dux.
884 3326 962 3406 »Β
1009 3321 1368 3405 Βγώῐῃοδ
1408 3324 1578 3386 dux.
1711 3322 1789 3402 »Β
1828 3319 2165 3383 AElfheah
2217 3321 2456 3383 minis-

349 3430 475 3487 ter.
592 3426 669 3505 ›1‹
717 3423 1015 3505 AElfsige
1050 3424 1381 3486 minister.
1490 3424 1572 3501 ›1‹
1617 3419 1887 3489 AElsred
1919 3418 2252 3482 minister.
2368 3421 2446 3501 »1⁴

352 3519 765 3604 AEsselgeard
795 3524 1128 3587 minister.
1229 3524 1306 3603 ›1‹
1339 3520 1637 3601 AElfsige
1665 3520 1997 3582 minister.
2113 3520 2190 3599 ›1‹
2222 3517 2455 3581 AEtsel-

350 3623 491 3686 fero
520 3624 853 3687 minister.
948 3625 1045 3708 Ἴ,14
1092 3621 1419 3685 AElfwine
1453 3620 1787 3683 minister.
1921 3620 1998 3699 ›1‹
2044 3616 2290 3682 AElfric
2326 3618 2454 3680 mi-

350 3725 586 3787 nister.
701 3725 779 3805 *1⁴
824 3721 1100 3803 AElfgar
1129 3722 1464 3786 minister.
1586 3722 1664 3802 »1⁴
1707 3715 2075 3801 Byrhtferss
2118 3719 2452 3782 minister.

360 3826 437 3905 ›1‹
479 3822 807 3904 Wulfgar
872 3822 1207 3885 minister.
1345 3823 1423 3903 »1⁴
1479 3819 1840 3885 Wulfstan
1902 3817 2235 3881 minister.
2368 3819 2445 3897 >1⁴

351 3923 731 3987 AElfweard
764 3921 1097 3985 minister.
1211 3921 1644 4003 ›1⁴Wynsige
1678 3918 2010 3981 minister.
2126 3916 2456 3998 ›1⁴Wulf-

349 4023 447 4085 ric
480 4023 813 4086 minister.
916 4024 993 4103 ›1‹
1041 4020 1335 4100 AElfsige
1364 4020 1698 4083 minister.
1805 4020 1882 4099 ›1‹
1929 4013 2180 4079 Eadric
2221 4016 2456 4078 minis-

348 4129 476 4187 ter.
593 4124 671 4204 ›1⁴
710 4121 1040 4186 AElfwold
1074 4120 1403 4185 minister.
