3044 5019
867 421 1212 471 anRrAss
1258 422 1946 471 ANGLOSAxochn.
2362 410 2447 473 87

334 580 698 664 ip’sumque
745 581 1089 645 'omnibus
1163 581 1673 645 successoribus
1731 581 1984 646 nostris
2039 583 2112 645 in
2168 583 2444 648 nomine

336 680 830 764 omnipotentis
876 681 985 744 dei
1035 683 1402 747 obserbare
1448 681 1929 764 praecipimus.
2036 682 2128 746 Et
2173 683 2234 745 si
2285 684 2445 766 quis

336 780 466 845 hoc
523 783 801 846 serbare
856 781 1176 859 uoluerit,
1234 789 1465 863 seruet
1537 801 1692 845 eum
1757 784 2189 864 omnipotens
2247 784 2435 848 deus.

337 880 411 944 Si
456 881 613 963 quis
662 901 828 945 uero
889 901 1014 964 per
1072 882 1432 947 tiranicam
1484 888 1899 963 potestatem
1947 881 2246 965 fringere
2315 891 2439 949 aut

335 982 642 1045 minuere
691 981 1011 1057 uoluerit,
1057 983 1233 1047 sciat
1265 1001 1339 1046 se
1371 981 1809 1046 maledictum
1857 1001 2007 1046 esse
2052 1002 2095 1045 a
2128 981 2434 1060 Christ0,

336 1081 473 1144 nisi
520 1081 883 1145 emendare
929 1082 1227 1147 boluerit
1276 1083 1405 1146 deo
1462 1089 1535 1146 et
1586 1081 1996 1146 hominibusi.
2103 1082 2436 1148 Manente

335 1181 465 1244 hac
525 1179 804 1245 kartula
860 1181 935 1244 in
995 1184 1123 1245 s'ua
1181 1182 1663 1246 nichilominus
1716 1183 2041 1246 firmitate
2089 1184 2433 1249 roborata.

338 1281 479 1345 His
512 1281 803 1345 testibus
847 1282 1434 1346 consentientibus
1475 1301 1767 1364 quorum
1812 1281 1924 1345 hic
1975 1281 2116 1345 illic
2158 1283 2438 1347 nomina

337 1381 779 1463 infrascripta
808 1388 995 1459 sunt,
1026 1389 1096 1445 et
1127 1384 1328 1464 signo
1371 1389 1655 1446 sanctae
1705 1382 1925 1445 crucis
1968 1383 2433 1447 corroborata.

448 1482 527 1563 ›1‹
564 1481 717 1562 Ego
774 1480 1082 1545 Aebered
1136 1502 1263 1545 rex
1324 1481 1911 1546 confirmationem
1967 1501 2123 1545 cum
2175 1483 2435 1547 uexillo

337 1588 621 1645 sanctae
698 1573 919 1645 crucis
1001 1581 1258 1647 Christi
1350 1582 1789 1646 corroborabi
1883 1589 1953 1646 et
2035 1584 2432 1666 subscripsi.

348 1683 431 1762 ιχ(
465 1682 621 1762 Ego
697 1679 982 1744 Alhferffs
1065 1683 1427 1765 episcopus
1502 1682 1821 1745 consensi
1900 1689 1970 1746 et
2036 1683 2431 1765 subscripsi.

347 1782 424 1862 *1⁴
470 1782 626 1862 Ego
683 1780 1104 1848 Heahmund
1162 1783 1527 1865 episcopus
1574 1782 1890 1845 consensi
1922 1789 1994 1844 et
2035 1783 2431 1865 subscripsi.

346 1882 423 1962 *1⁴
460 1881 613 1962 Ego
632 1880 1001 1945 Wulfhere
1032 1882 1175 1945 dux
1207 1882 1524 1946 consensi
1559 1888 1628 1944 et
1659 1881 2055 1963 subscripsi.
2171 1883 2248 1963 ,Β
2281 1882 2433 1964 Ego

339 1980 611 2044 Eadred
643 1980 786 2043 dux
826 1982 1142 2045 consensi
1188 1990 1258 2046 et
1297 1981 1692 2063 subscripsi.
1809 1982 1886 2062 *1⁴
1930 1979 2082 2062 Ego
2113 1978 2434 2046 Aelfstan

334 2080 478 2143 dux
538 2082 856 2144 consensi
915 2089 987 2146 et
1047 2082 1442 2164 subscripsi.
1559 2080 1636 2160 *1⁴
1680 2081 1833 2162 Ego
1888 2079 2241 2162 Uuigstan
2287 2083 2427 2146 dux

335 2182 655 2244 consensi
681 2188 753 2244 et
780 2182 1175 2263 subscripsi.
1291 2184 1368 2264 ,Β
1400 2182 1553 2262 Ego
1588 2177 1908 2245 Aelfstan
1942 2181 2084 2243 dux
2115 2183 2433 2246 consensi

334 2288 403 2344 et
463 2281 855 2364 subscripsi.
972 2282 1049 2362 *1⁴
1097 2281 1247 2363 Ego
1298 2280 1718 2345 Drihtuuald
1780 2281 1926 2343 dux
1992 2283 2310 2345 consensi
2363 2290 2434 2345 et

333 2380 730 2463 subscripsi.
843 2381 920 2461 *1⁴
961 2382 1114 2463 Ego
1172 2380 1567 2463 Ecgbearht
1625 2380 1933 2444 minister
1992 2381 2309 2445 consensi
2363 2390 2433 2445 et

335 2481 730 2564 subscripsi.
844 2482 921 2563 »Β
967 2483 1120 2565 Ego
1181 2478 1570 2547 Beorhtnssb
1625 2481 1935 2545 minister
1991 2479 2307 2546 consensi
2363 2490 2443 2560 etl

335 2581 732 2664 subscripsi.
846 2582 923 2662 *1⁴
970 2583 1121 2664 Ego
1171 2582 1427 2646 Ordulf
1461 2582 1773 2645 minister
1817 2583 2137 2645 consensi
2166 2590 2238 2646 et
2267 2584 2431 2645 sub-

333 2681 595 2763 scripsi.
711 2683 788 2763 *1⁴
814 2682 966 2764 Ego
989 2680 1217 2746 Aesca
1247 2684 1559 2762 minister
1589 2683 1904 2745 consensi
1933 2689 2003 2745 et
2035 2682 2427 2764 subscripsi.

432 2778 689 2845 Actum
718 2789 825 2845 est
856 2790 1084 2847 autem
1116 2801 1297 2847 anno
1341 2786 1429 2848 ab
1460 2783 1933 2847 incarnatione
1965 2782 2104 2845 diii.
2136 2782 2259 2845 nri.
2292 2781 2427 2845 ihu.

334 2878 471 2966 x'pi.
501 2898 939 2945 nccccxvm.

1254 3034 1493 3048 ——.‚...

1186 3176 1596 3243 CCXCVI.

1060 3324 1519 3404 CIALULF,
1564 3325 1716 3390 868.

429 3475 506 3555 *1⁴
533 3474 622 3538 IN
655 3474 928 3538 nomine
949 3474 1064 3537 diii
1099 3494 1228 3556 ego
1248 3474 1497 3538 cialulf
1512 3493 1694 3537 anno
1713 3474 1801 3536 ab
1822 3471 2296 3536 incarnatione
2315 3473 2430 3537 d'fii

337 3572 433 3635 nii
467 3572 588 3637 ihu
622 3571 744 3661 xpi
777 3581 1340 3638 Dccchxxxv'lll.
1378 3574 1558 3637 dabo
1593 3580 1664 3637 et
1698 3572 1998 3637 concedo
2048 3574 2430 3638 eanmunde

336 3674 554 3738 amico
590 3695 744 3738 meo
780 3683 851 3738 et
881 3675 1162 3756 cognito
1206 3673 1512 3757 aliquam
1558 3680 1825 3756 partem
1871 3681 2049 3737 terre
2094 3673 2263 3736 iuris
2295 3676 2430 3739 mei

336 3771 461 3836 hoc
519 3781 628 3837 est
675 3774 748 3836 in
798 3775 1208 3838 dorobernia
1252 3774 1537 3838 ciuitate
1589 3773 1658 3836 id
1691 3781 1725 3827 ἐ
1758 3774 1829 3836 in
1882 3773 2243 3854 longitudo
2277 3822 2292 3838 .
2330 3792 2426 3839 vl.

335 3872 552 3955 uirgis
588 3879 660 3936 et
692 3874 763 3936 in
793 3874 1091 3938 latitudo
1123 3890 1267 3939 .111.
1305 3874 1474 3937 haec
1492 3881 1658 3937 sunt
1689 3873 2029 3937 terminib:
2066 3872 2138 3935 in
2167 3874 2429 3938 oriente

336 3969 713 4036 aesselmund
753 3974 832 4055 pi*
868 3974 940 4036 in
985 3974 1279 4038 meredie
1325 3973 1682 4038 deibearht
1723 3973 1796 4036 in
1846 3973 2160 4037 occident
2193 3973 2442 4036 ciolulf

335 4071 404 4133 in
436 4072 760 4155 aquilone
803 4074 1078 4137 hemma
1125 4072 1293 4137 haec
1321 4074 1554 4137 omnia
1597 4074 1777 4137 dabo
1825 4073 2207 4137 eanmunde
2240 4117 2255 4133 .
2303 4091 2429 4150 pro

339 4175 730 4255 conpetenti
765 4174 1129 4256 pecuniam
1177 4181 1382 4256 quam
1437 4174 1525 4237 ab
1578 4194 1661 4238 eo
1713 4173 1977 4252 accipio
2036 4168 2099 4234 15
2132 4178 2165 4224 ὓ
2206 4214 2219 4229 .
2244 4184 2425 4230 cxx.
