3044 5019
850 472 1196 521 cmm-As
1238 473 1925 525 ANcmSAxochE.
2308 460 2440 525 217

334 650 462 696 nus
508 652 733 698 sermo
777 639 857 697 ut
911 652 1126 716 supra
1177 632 1403 697 taxati
1451 651 1689 696 sumus
1735 632 2133 699 terribiliter
2163 654 2436 716 premo-

334 741 453 796 net
493 742 573 798 ut
615 734 819 797 huius
865 732 996 796 scii
1046 733 1307 797 caduca
1351 740 1916 816 contempnentes
1963 736 2438 819 spiritaliaque

333 834 681 898 imitantes
716 834 1030 899 coelestia
1061 853 1505 917 properemus
1541 833 1629 896 ad
1666 853 1906 916 regna.
1997 834 2440 919 Quapropter

336 953 511 1013 ego.
533 934 1014 1019 AEpelstanuS.
1041 933 1278 997 diuina
1307 934 1474 997 mihi
1507 934 1865 997 adridente
1896 936 2123 1017 gratia
2156 955 2282 998 rex
2314 955 2437 999 an-

336 1033 535 1115 glorii
569 1043 641 1099 et
673 1052 849 1141 eque
889 1033 1106 1098 totius
1149 1034 1549 1142 bryttannie
1592 1034 1965 1116 curagulus
2011 1034 2241 1117 aliqua
2274 1056 2434 1119 par-

336 1142 474 1197 tem
519 1142 701 1200 terre
747 1134 916 1197 iuris
960 1134 1096 1197 mei
1126 1134 1510 1216 perpetuali
1517 1102 1916 1199 donatione
1947 1135 2238 1198 libenter
2270 1156 2437 1200 con-

336 1234 559 1299 cedo.
591 1234 865 1298 cuidam
901 1253 1017 1297 sce
1052 1234 1566 1298 conuersationi
1605 1234 1832 1298 dedite
1876 1231 1997 1320 xpi
2034 1235 2281 1299 ancille
2312 1256 2436 1300 no-

336 1334 520 1397 mine
559 1334 1019 1418 ‚Wulfswype
1053 1380 1071 1398 .
1099 1334 1369 1398 eatinus
1408 1342 1487 1397 ut
1514 1335 1649 1397 mei
1679 1335 2076 1398 memoriam
2121 1335 2264 1399 suis
2304 1336 2440 1399 scis

338 1436 763 1498 orationibus
808 1434 1271 1498 indesinenter
1326 1433 1582 1497 habeat
1620 1482 1635 1497 .
1660 1450 1786 1498 XV.
1831 1453 2108 1499 mansas
2158 1436 2443 1517 agelluli

336 1535 539 1598 iuxta
582 1534 973 1599 diriuatiuis
1019 1534 1309 1598 fluentiii
1344 1534 1775 1598 successibus
1815 1582 1832 1598 .
1869 1541 1961 1598 aet
1994 1543 2293 1617 cynetan
2322 1582 2335 1597 .
2369 1536 2441 1598 in

336 1633 457 1697 illo
503 1635 656 1698 loco
693 1635 813 1699 ubi
857 1635 1135 1699 ruricoli
1181 1634 1467 1717 antiquo
1514 1653 1646 1697 usu
1696 1654 1944 1698 nomen
1992 1635 2386 1700 indiderunt
2423 1684 2437 1698 .

337 1734 734 1799 uferantun.
857 1734 1205 1812 Quatinus
1265 1734 1389 1797 illa
1450 1736 1623 1797 bene
1682 1734 2077 1817 perfruatur
2137 1755 2217 1799 ac
2273 1756 2439 1823 ppe-

337 1834 621 1898 tualiter
681 1834 1033 1917 possideat
1055 1855 1065 1862 “
1084 1834 1411 1916 quamdiu
1455 1834 1657 1897 istius
1708 1835 1984 1898 caducis
2045 1833 2176 1898 scii
2226 1837 2444 1899 uitam

338 1942 578 1998 tenere
618 1941 969 2017 presumet
1004 1982 1020 1998 .
1054 1942 1218 2016 post
1247 1954 1322 1997 se
1355 1935 1761 2016 cuicumque
1806 1934 2108 1998 uoluerit
2135 1955 2260 1999 ceu
2289 1956 2444 2000 cor-

337 2035 816 2098 roborauimus
861 2056 904 2121 p
938 2081 1391 2098 .........
1427 2041 1533 2098 ter
1576 2034 1810 2098 heredi
1853 2034 2285 2118 derelinquat
2317 2057 2443 2101 ceu

337 2135 856 2216 supradiximus
921 2134 990 2196 in
1050 2141 1381 2198 aeternam
1442 2134 1916 2198 hereditatem.
2048 2135 2156 2200 Sit
2211 2144 2444 2202 autem

339 2235 728 2341 predictum
775 2253 893 2297 rus
944 2233 1117 2297 liber
1166 2236 1255 2298 ab
1294 2236 1479 2298 omni
1522 2234 1859 2298 mundiali
1889 2236 2246 2300 obstaculo
2290 2258 2447 2301 cum

339 2302 659 2399 omnibus
705 2335 791 2398 ad
838 2353 914 2397 se
958 2335 1088 2398 rite
1128 2335 1631 2416 pertinentibus
1671 2336 1934 2417 campis
1979 2337 2256 2417 pascuis
2286 2356 2448 2420 pra·

339 2436 432 2499 tis
478 2436 731 2499 siluis,
769 2442 1061 2517 excepto
1113 2435 1267 2498 istis
1322 2435 1544 2498 tribus
1590 2435 2027 2563 expeditione
2072 2437 2302 2519 pontis
2336 2457 2447 2500 ar-

340 2537 531 2601 cisue
561 2556 599 2601 c
640 2582 1030 2600 ........
1067 2534 1255 2599 tione
1262 2582 1882 2600 ............
1915 2558 1983 2600 ιιι
2049 2538 2232 2620 quod
2308 2559 2447 2603 non

342 2644 666 2718 optamus
712 2636 891 2699 hanc
955 2655 1147 2699 nram
1194 2636 1643 2699 difinitionem
1689 2635 2008 2701 elationis
2058 2639 2299 2703 habitu
2343 2641 2448 2702 in-

340 2737 608 2800 cedens·
641 2743 765 2800 aut
792 2735 1164 2815 infringere
1194 2737 1640 2817 temptauerit
1675 2782 2256 2803 ...........
2292 2739 2448 2803 ibus

340 2843 415 2900 et
457 2838 758 2919 pennino
784 2835 1094 2899 exercitu
1136 2835 1529 2917 malignorii
1580 2836 1874 2918 spiritua
1922 2837 2052 2901 nisi
2110 2838 2300 2919 prius
2343 2840 2451 2901 in-

342 2937 562 3017 riguis
617 2936 995 3019 penitentie
1055 2935 1423 3015 gemitibus
1483 2943 1556 2999 et
1615 2955 1793 3018 pura
1841 2979 2448 3003 ............

344 3037 750 3100 terminibus
795 3036 1107 3142 predicta
1156 3041 1338 3098 terra
1388 3035 1898 3117 circumgyrata
1948 3054 2100 3099 esse
2150 3035 2451 3113 uidetur,

343 3144 477 3201 etc.
2398 3212 2401 3215 ¹

449 3278 843 3300 ........
875 3236 1146 3350 prefata
1196 3235 1547 3299 donatio.
1589 3234 1798 3300 Anno
1846 3237 1935 3300 ab
1978 3236 2454 3301 incarnatione

347 3337 466 3400 dni
494 3335 597 3399 nri
626 3335 748 3400 iliu
776 3333 951 3423 xpi.
974 3352 1565 3400 nccccxxxvml.
1600 3335 1987 3402 Indictione
2021 3354 2183 3400 ..x11

455 3482 963 3501 ..........
998 3444 1243 3502 stanus
1270 3456 1396 3500 rex
1441 3437 1656 3500 totius
1688 3437 2087 3542 bryttannie
2112 3436 2451 3544 prefatam

352 3522 791 3601 donationem
818 3557 973 3600 cum
1006 3537 1236 3619 sigillo
1269 3556 1383 3600 sce
1414 3537 1638 3599 crucis
1673 3540 1751 3620 ›1‹
1794 3503 2226 3600 confirmaui.

456 3683 1083 3702 ............
1119 3637 1156 3700 f
1156 3636 1336 3699 helm
1368 3635 1862 3700 dorobonensis
1894 3635 2104 3701 aeccle
2139 3635 2453 3725 archieps

352 3738 656 3802 eiusdem
708 3738 892 3818 regis
937 3737 1378 3801 donationem
1426 3736 1512 3798 cii
1559 3737 1844 3819 tropheo
1899 3737 2055 3818 agie
2101 3740 2322 3801 crucis
2363 3742 2441 3822 ›1‹

349 3835 783 3918 consignaui.

898 3936 1123 4000 ,heah
1143 3934 1616 4000 wintaniensis
1646 3934 1856 3999 aeccle
1891 3956 2009 4023 eps
2041 3937 2455 4019 triuphalem

347 3986 716 4121 tropheum
735 3982 903 4117 agie
931 4037 1151 4100 crucis
1178 4039 1256 4119 ›1‹
1298 4035 1613 4117 inpressi.

450 4185 920 4204 .........
951 4136 1034 4200 ed
1061 4136 1531 4199 lundoniensis
1561 4134 1771 4198 aeccle
1805 4132 1923 4222 ciis
1954 4135 2384 4217 consignaui.

359 4288 364 4291 fl
451 4284 908 4307 .........
941 4235 1060 4324 eps
1088 4237 1468 4343 predictum
1496 4235 1751 4299 donum
1782 4228 2121 4298 consensi.
