3044 5019
913 455 1256 502 anR'rAn
1300 454 1975 502 ANcLosAxochss.
2365 437 2502 500 309

391 609 739 675 ficatione.
830 610 904 674 Si
923 612 1043 692 qui
1072 611 1303 693 deniq:
1331 632 1439 675 me
1472 631 1612 674 non
1648 611 1917 692 optanti
1947 610 2127 674 hanc
2154 610 2496 675 libertatis

388 710 582 775 carta
635 711 1033 794 cupiditatis
1091 711 1309 775 liuore
1363 711 1671 793 depressi
1726 711 1990 774 uiolare
2055 712 2492 792 satagerint

392 831 479 874 cu
537 811 864 893 agminib:
936 818 1113 875 tetre
1169 812 1487 892 caliginis
1540 811 1721 892 lapsi
1771 857 1787 870 .
1843 813 2016 875 uoce
2076 811 2362 875 audiant
2421 812 2494 875 in

391 911 929 974 examinationis
956 912 1068 975 die
1083 878 1376 975 arbitris
1405 911 1505 973 sic
1543 911 1882 973 dicentis.
1922 909 2276 975 Discedite
2311 930 2356 974 a
2385 932 2495 975 me

391 1010 745 1074 maledicti
787 1011 860 1073 in
906 1011 1066 1092 igne
1114 1011 1454 1075 aeternu.
1483 1011 1605 1074 ubi
1649 1031 1805 1073 cum
1852 1010 2192 1076 demonib:
2254 1011 2494 1075 ferreis

390 1111 798 1192 sartaginib:
844 1111 1104 1175 crudeli
1135 1117 1590 1194 torqueantur
1628 1109 1701 1173 in
1747 1129 1972 1192 poena
2009 1158 2024 1174 .
2061 1111 2119 1173 si
2161 1130 2298 1174 non
2332 1119 2494 1175 ante

390 1213 616 1274 morte
643 1210 774 1274 hoc
808 1211 1326 1275 emendauerint
1354 1211 1803 1292 poenitentia.

496 1310 698 1374 Haec
760 1318 955 1374 carta
1015 1311 1275 1393 scripta
1330 1358 1345 1374 .
1372 1315 1408 1373 ἔ
1437 1359 1452 1374 .
1505 1329 1688 1373 anno
1742 1310 1942 1373 dnice
1998 1310 2496 1375 incarnationis

397 1426 792 1475 ‚nccchvL
827 1411 1198 1475 indictione
1231 1427 1425 1474 x1111.

503 1511 580 1591 ›1‹
615 1531 746 1592 ego
804 1512 1074 1593 eadwig
1117 1531 1242 1576 rex
1296 1510 1661 1592 anglorum
1711 1509 2285 1574 indeclinabiliter
2329 1531 2493 1575 con-

390 1612 591 1674 cessi.

506 1712 583 1792 ›1‹
613 1731 749 1792 ego
776 1712 1036 1793 eadgar
1064 1711 1366 1775 eiusdem
1401 1711 1585 1793 regis
1618 1709 1685 1772 f?
1718 1708 2032 1773 celeriter
2061 1710 2402 1773 consensi.

511 1812 588 1892 ›1‹
622 1831 754 1892 ego
798 1812 932 1876 oda
985 1808 1295 1897 archieps
1343 1831 1499 1875 cum
1552 1811 1753 1892 signo
1799 1828 1959 1872 scae
2007 1810 2228 1873 crucis
2269 1810 2346 1890 ›1‹
2383 1830 2494 1874 ro-

391 1912 656 1974 boraui.

502 2012 579 2092 ›1‹
608 2031 740 2092 ego
791 2011 1099 2075 aelfsinus
1146 2011 1377 2094 presul
1424 2011 1727 2094 sigillum
1772 2009 1929 2092 agie
1980 2009 2203 2073 crucis
2246 2011 2323 2091 ›1‹
2368 2010 2495 2072 im-

385 2111 631 2194 pressi.

503 2212 580 2292 ›1‹
611 2230 743 2291 ego
777 2210 1098 2274 brihtelm
1118 2208 1236 2297 θῇς
1264 2211 1681 2275 confirmaui.
1707 2213 1786 2292 ›1‹
1819 2229 1951 2292 ego
1985 2210 2308 2294 aepelstan
2327 2210 2490 2273 dux.

503 2313 579 2391 ›1‹
615 2330 745 2390 ego
776 2311 1039 2393 oscytel
1068 2309 1187 2397 θῇς
1215 2311 1561 2394 adquieui.
1703 2312 1780 2392 ›1‹
1810 2330 1941 2391 ego
1964 2310 2304 2372 eadmund
2324 2309 2491 2372 dux.

504 2412 581 2492 ›1‹
615 2430 746 2491 ego
772 2410 963 2475 osulf
982 2408 1101 2496 θῇς
1131 2432 1268 2474 non
1303 2412 1571 2475 rennui.
1704 2412 1781 2492 ›1‹
1812 2430 1942 2492 ego
1978 2410 2301 2494 aepelstan
2325 2408 2491 2474 dux.

506 2514 582 2592 ›1‹
614 2532 744 2592 ego
773 2511 1047 2577 alfwold
1082 2508 1200 2598 θῇς
1233 2512 1631 2594 subscripsi.
1704 2513 1781 2593 ›1‹
1814 2530 1946 2593 ego
1979 2511 2291 2596 aepelsige
2325 2509 2491 2574 dux.

509 2612 586 2692 ›1‹
615 2632 745 2693 ego
777 2612 1004 2676 daniel
1035 2609 1153 2698 θῇς
1184 2613 1516 2678 conclusi.
1702 2658 2266 2676 ...........
2298 2611 2466 2674 dux.

1708 2714 1785 2794 ›1‹
1816 2711 2117 2776 aelfheah
2141 2712 2476 2775 minister.

1708 2814 1785 2894 ›1‹
1817 2811 2053 2875 aelfred
2081 2811 2410 2874 minister.

1703 2914 1780 2994 ›1‹
1811 2911 2143 2996 aepelmaer
2157 2910 2493 2974 minister.

1706 3014 1785 3093 ›1‹
1819 3011 2083 3092 aelfsige
2113 3010 2447 3075 minister.

1708 3113 1785 3193 ›1‹
1817 3110 2112 3174 aelfwine
2140 3110 2476 3174 minister.

1706 3213 1783 3293 ›1‹
1814 3210 2139 3275 wulfstan
2160 3210 2492 3274 minister.

1715 3314 1794 3393 ›1‹
1825 3311 2119 3393 wulfgar
2160 3311 2491 3375 minister.

1710 3413 1787 3493 ›1‹
1818 3413 2046 3476 eadric
2079 3412 2412 3475 minister.

1088 3707 1823 3774 ccccxxxvm.

1095 3857 1137 3901 *
1172 3830 1614 3937 EKDWIG,
1659 3857 1813 3923 956.

507 4012 584 4092 ›1‹
616 4007 927 4074 ADIUUA
978 4027 1106 4072 nos
1148 4006 1361 4071 Ihesu
1406 4005 1684 4071 Christe
1722 4000 1897 4070 coeli
1941 4014 2300 4090 terraeque
2355 4025 2502 4069 mo-

393 4110 718 4175 derator!
844 4108 1021 4173 Cum
1077 4108 1335 4172 saeculi
1389 4105 1694 4171 uarietas
1753 4108 1992 4171 crebra
2054 4106 2499 4171 uacillatione

395 4211 740 4275 defectum
803 4207 912 4273 sui
977 4210 1244 4273 cunctis
1307 4206 1735 4290 sapientibus
1784 4207 2046 4289 liquido
2101 4206 2500 4290 patefaciat,
