3044 5019
905 438 1248 486 CHARTAE
1295 436 1977 485 ANCLosAXONJCAE.
2324 424 2457 488 223

352 594 909 659 transformando
954 594 1028 657 in
1071 596 1442 677 integrum,
1475 593 1675 659 iuxta
1719 596 2117 660 meritorum
2156 596 2453 677 qualita-

351 702 512 772 tem,
558 695 1072 777 gratulabunda
1098 696 1609 777 conglomerat3
1657 696 1912 777 quique
1960 697 2171 759 etiam
2210 704 2454 760 auctor

346 814 554 858 uerus
588 795 1071 858 Eadmundum
1103 815 1336 876 regem
1369 795 1603 876 Anglo
1632 795 2014 873 Saxonum,
2042 796 2259 878 regali
2290 816 2448 879 pro-

350 897 548 977 sapia
584 903 1046 978 procreatum,
1079 894 1449 959 honorifice
1480 914 1748 958 summo
1788 897 1962 961 solio
2006 897 2406 960 sublimauit
2434 918 2451 976 ;

347 997 545 1058 cuius
590 995 922 1059 melliflua
956 996 1303 1076 largitate,
1337 1014 1518 1059 anno
1547 996 1925 1060 dominicae
1958 995 2452 1060 incarnationis

349 1112 696 1158 DCCCCXL.
722 1095 1076 1177 praefatus
1099 1114 1224 1158 rex
1243 1095 1716 1171 EadmunduS,
1740 1096 1962 1178 primo
1984 1116 2167 1160 anno
2197 1098 2452 1178 princi-

349 1195 527 1277 palis
576 1195 952 1279 potentiae,
993 1195 1382 1258 ministrum
1427 1214 1630 1258 suum
1656 1196 1954 1260 Wulfric
2002 1196 2207 1259 ualde
2255 1196 2450 1260 foeli-

349 1295 543 1372 citer,
593 1313 733 1357 non
773 1315 899 1376 pro
949 1295 1141 1360 lucro
1174 1295 1546 1377 filargiriae
1576 1295 1695 1358 sed
1725 1295 2059 1377 perhenni
2088 1297 2450 1378 priuilegio

349 1403 563 1477 atque
607 1394 811 1459 huius
850 1395 983 1457 uiri
1027 1394 1425 1459 fidelissima
1468 1396 1849 1460 stabilitate
1893 1395 2189 1460 honorat
2214 1415 2297 1460 ac
2331 1397 2449 1459 be·-

346 1496 560 1576 nigne
612 1494 984 1572 beatificat,
1032 1496 1333 1577 largiens
1381 1494 1485 1557 illi
1513 1502 1768 1559 terram
1806 1512 1991 1560 XXV.
2023 1496 2449 1561 manentium

345 1595 497 1658 iure
545 1602 878 1677 perpetuo
924 1603 998 1659 at
1031 1594 1594 1675 Grutelingtone,
1643 1596 1930 1682 antiquo
1969 1596 2268 1661 confinio
2320 1598 2451 1660 sibi

347 1696 630 1777 suisque
696 1695 1104 1760 haeredibus
1175 1693 1684 1777 perfruendam,
1747 1702 1818 1758 et
1878 1697 1966 1759 ab
2032 1698 2217 1759 omni
2286 1697 2450 1778 iugo

345 1795 817 1876 uectigalium,
862 1803 1139 1877 praeter
1169 1802 1475 1877 pontem,
1509 1813 1762 1871 arcem,
1811 1795 2452 1878 expeditionemque

346 1894 844 1977 perpetualiter
896 1895 1398 1977 possidendam.
1534 1893 1852 1959 Caueant
1909 1894 2075 1959 haec
2124 1895 2448 1977 frangen-

344 2001 454 2058 tes
488 1995 794 2059 claustra
835 1994 1224 2073 infernalia,
1258 1994 1744 2077 gaudeantque
1776 1994 1988 2059 Ihesu
2038 1995 2450 2077 aliginnasio

346 2093 542 2158 haec
564 2102 897 2176 augentes
943 2097 1241 2177 eulogia,
1288 2114 1513 2158 amen.
1623 2095 1824 2158 Haec
1870 2096 2140 2160 cartula
2195 2096 2448 2160 carita-

344 2196 437 2259 tis
470 2203 806 2259 caraxata
838 2202 944 2259 est
975 2196 1049 2259 in
1079 2188 1469 2260 collatest’.¹

460 2295 537 2377 ›1‹
568 2294 721 2375 Ego
756 2295 1204 2360 Eadmundus
1247 2295 1378 2358 hoc
1426 2293 1852 2376 primitiuum
1887 2295 2448 2375 praerogatiuam

211 2477 222 2484 .
342 2414 497 2459 meo
532 2395 847 2460 ministro
858 2395 1200 2461 Wulfrico
1230 2395 1432 2476 signo
1460 2399 1745 2457 sanctae
1768 2394 1990 2456 crucis
2019 2395 2447 2475 consignaui.

357 2499 436 2578 ›1‹
469 2495 625 2578 Ego
660 2495 1048 2561 Wulfhelm
1088 2496 1645 2578 archiepiscopus
1684 2514 1840 2557 cum
1880 2494 2170 2558 caeteris
2219 2495 2449 2577 ponti-

344 2596 589 2661 ficibus
643 2596 982 2661 beneuola
1031 2598 1282 2662 mentis
1336 2594 1718 2659 intentione
1782 2597 2137 2659 annotaui.
2245 2595 2447 2660 Haec

344 2704 508 2761 sunt
537 2697 908 2773 territoria,
941 2705 1074 2761 etc.

444 2796 654 2860 Hanc
732 2797 1116 2878 praefatam
1196 2794 1704 2879 possessionem
1770 2793 2070 2858 Wulfric
2131 2792 2447 2857 minister

345 2895 642 2960 Eadredi
691 2904 852 2977 post
915 2897 1061 2962 dies
1127 2897 1442 2978 coniugis
1500 2913 1669 2957 suae
1726 2891 2235 2957 commendauit
2297 2912 2443 2955 mo-

341 2996 646 3061 nasterio
700 2994 1177 3079 Glastingensi
1217 2998 1404 3079 quod
1452 3000 1601 3057 tum
1655 2993 1835 3057 alius
1889 2994 2054 3057 fecit
2089 2990 2447 3057 AElfuuine

341 3097 664 3161 uidelicet
696 3096 992 3162 nomine.

1087 3390 1703 3458 CCCLXXXII.

993 3541 1035 3583 *
1074 3511 1610 3619 EEDMUND,
1655 3541 1807 3607 940.

449 3691 532 3773 ›1‹
569 3687 792 3754 CRUX
844 3708 1023 3770 quae
1068 3689 1362 3754 excelsis
1408 3696 1560 3754 toto
1602 3695 1672 3753 et
1714 3687 2086 3752 dominaris
2142 3686 2445 3769 Olimpo,

337 3790 580 3855 inclita
613 3790 731 3853 leX
758 3787 1042 3866 domini,
1064 3789 1323 3853 Christi
1354 3790 1725 3854 fundamen
1755 3796 1826 3854 et
1853 3789 2078 3866 aulae,
2099 3787 2330 3870 alpha,
2353 3789 2448 3851 mi

336 3898 407 3955 et
439 3916 510 3969 ω,
547 3889 751 3953 huius
803 3888 1219 3971 singraphae
1252 3889 1550 3968 initium,
1594 3890 1893 3953 medium
1923 3895 1994 3951 et
2023 3888 2227 3951 finem
2273 3907 2445 3950 ueX-

332 3990 596 4054 illando
632 3989 907 4053 faueto!
1010 3989 1121 4052 Tu
1153 4009 1429 4072 quoque
1463 3991 1730 4055 cunctis
1763 3987 2184 4072 splendidior
2217 3987 2447 4064 astriS,

332 4090 782 4172 sanctiorque
822 4089 1164 4153 uniuersis
1205 4109 1436 4153 coram
1474 4088 1752 4154 Christo
1798 4087 2303 4171 carismatibuS,
2338 4106 2446 4149 re-

1259 4213 1275 4244 ¹
1312 4216 1395 4264 Sic
1418 4216 1531 4266 MS.
