3044 5019
945 397 1292 447 cuAn'rAE
1337 397 2024 448 Anonossxochn.
2357 387 2488 452 337

366 555 660 637 dispono
686 575 705 634 3
759 557 1183 621 monasterio
1218 557 1556 639 siquidem
1585 555 2160 639 Maldumesburg
2183 559 2482 638 nomine,

362 653 436 718 in
473 655 733 719 honore
773 650 1077 719 Aldelmi
1107 657 1517 738 paternique
1553 656 1846 719 aliorum
1878 665 2271 721 sanctorum
2305 679 2479 740 quo-

360 775 515 817 rum
568 756 908 837 reliquiae
960 756 1213 837 ibidem
1267 763 1709 833 uenerantur,
1746 763 2023 820 centum
2071 776 2352 820 mansas
2402 760 2474 823 in

364 853 986 936 Brokeneberegge
1031 856 1102 917 in
1152 855 1649 920 haereditatem
1690 855 1991 919 concedo
2033 855 2469 938 perhennem.

358 952 597 1018 Primo
626 954 951 1018 uidelicet
978 973 1161 1018 anno
1207 955 1403 1036 regni
1447 955 1584 1019 mei
1633 971 1932 1019 .n.cccc.
1968 974 2136 1019 uero
2176 973 2342 1020 .1.vl.
2378 960 2467 1021 ab

356 1053 834 1118 incarnatione
879 1053 1222 1117 dominica
1260 1100 1276 1117 .
1311 1054 1688 1118 indictione
1727 1070 1961 1118 .xnn.
2009 1054 2463 1137 optimatibus

355 1153 613 1217 nostris
645 1153 1252 1235 adstipulantibus.

346 1304 349 1307 .
468 1254 546 1334 »1⁴
605 1251 758 1334 Ego
806 1251 1098 1333 Eadwig
1147 1261 1322 1317 nutu
1367 1253 1476 1317 dei
1538 1253 2029 1335 omnipotentis
2072 1273 2199 1317 rex
2242 1255 2459 1318 totius

351 1353 756 1416 Britanniae
789 1351 921 1416 hoc
948 1352 1202 1415 donum
1238 1352 1525 1416 adfirmo
1558 1373 1714 1417 cum
1745 1354 1952 1417 titulo
1985 1361 2267 1418 sanctae
2301 1373 2457 1417 cru-

347 1453 472 1515 cis,
588 1453 666 1533 »1⁴
710 1452 862 1533 Ego
915 1450 1071 1515 Oda
1120 1453 1680 1535 archiepiscopus
1727 1453 2234 1517 corroborando
2289 1473 2455 1517 con-

345 1552 572 1633 signo.
686 1553 764 1633 »1⁴
799 1550 952 1633 Ego
988 1551 1271 1633 Eadgar
1301 1552 1565 1615 indoles
1602 1571 1857 1615 annuo.
1963 1552 2116 1634 Ego
2150 1553 2449 1635 AElssige

345 1652 712 1733 episcopus
752 1650 1147 1734 adquiesco.
1261 1654 1338 1733 ›1‹
1383 1651 1538 1733 Ego
1573 1651 1788 1714 Osulf
1836 1652 2206 1735 episcopus
2253 1672 2447 1717 orno.

355 1753 432 1832 ›1‹
477 1750 632 1832 Ego
663 1750 965 1832 Wlfsige
1009 1751 1377 1833 episcopus
1422 1751 1819 1834 adquiesco.
1936 1752 2014 1832 »1⁴
2060 1751 2213 1832 Ego
2250 1751 2448 1815 Ken-

343 1850 524 1913 wold
553 1850 918 1933 episcopus
953 1856 1144 1914 noto.
1205 1853 1282 1932 ›1‹
1306 1849 1459 1931 Ego
1482 1849 1767 1932 Oscytel
1802 1849 2168 1932 episcopus
2203 1856 2444 1916 testor.

356 1952 434 2032 ›1‹
464 1949 619 2031 Ego
658 1949 955 2032 Kinsige
985 1950 1351 2032 episcopus
1379 1949 1606 2014 saueo.
1722 1950 1800 2030 »1⁴
1844 1948 1998 2030 Ego
2017 1947 2242 2013 Alwlf
2255 1943 2270 1981 ¹
2298 1950 2443 2032 epi-

341 2069 595 2132 scopus
622 2050 1001 2114 consentio.
1099 2051 1177 2131 ›1‹
1199 2049 1352 2130 Ego
1375 2049 1626 2113 Daniel
1658 2049 2023 2131 episcopus
2060 2050 2436 2114 subscribo.

350 2150 428 2230 »1⁴
470 2146 833 2213 AEbelstan
876 2149 1043 2212 dux.
1159 2151 1237 2231 »1⁴
1284 2149 1632 2234 AEpelsige
1664 2148 1833 2212 duX.
1946 2150 2024 2230 »1⁴
2072 2148 2439 2213 Eadmund

336 2247 504 2312 dux.
619 2250 697 2330 »1⁴
728 2246 1090 2313 AEbelstan
1120 2248 1289 2312 duX.
1408 2250 1486 2330 »1⁴
1527 2247 1868 2312 AElfhelm
1898 2248 2233 2312 minister.
2349 2251 2427 2331 »1⁴

335 2347 633 2429 AElfsige
663 2348 994 2413 minister.
1098 2347 1559 2432 ›1⁴AEpelgerd
1581 2347 1914 2409 minister.
2007 2342 2433 2429 ›1⁴AElfgiue¹

335 2448 664 2514 minister.

434 2548 769 2633 Quisquis
803 2549 1050 2613 amodo
1098 2549 1229 2613 hoc
1284 2556 1594 2613 nostrum
1639 2546 1990 2613 decretum
2025 2566 2437 2613 conseruare

329 2651 538 2713 immo
574 2668 828 2731 augere
860 2655 1106 2731 sponte
1151 2648 1670 2725 desiderauerit,
1714 2648 2258 2730 multiplicentur
2290 2648 2434 2713 dies

329 2748 541 2828 illius,
572 2756 643 2814 et
672 2755 832 2831 post
861 2749 1125 2813 obitum
1158 2749 1451 2812 transire
1482 2754 1830 2812 mereatur
1873 2747 1962 2811 ad
1993 2767 2207 2829 regna
2236 2749 2433 2830 polo-

327 2868 502 2913 rum.
606 2848 730 2912 Sin
764 2854 1021 2925 autem,
1065 2848 1251 2930 quod
1292 2847 1498 2925 absit,
1534 2856 1606 2912 et
1633 2848 1834 2911 deum
1869 2854 1941 2911 et
1984 2847 2429 2928 semetipsum

324 2948 817 3025 obliuiscendo,
867 2948 1118 3031 aliquis
1165 2954 1435 3012 mutare
1494 2946 1818 3024 uoluerit,
1872 2946 2019 3009 dics
2074 2944 2220 3007 eius
2282 2965 2421 3010 non

323 3047 808 3127 dimidiauerit‚
844 3054 915 3111 et
947 3047 1240 3128 gloriam
1270 3046 1381 3110 dei
1416 3067 1572 3110 cum
1605 3046 1833 3110 choris
1866 3045 2270 3136 angelorum
2306 3064 2427 3108 ne-

322 3166 669 3231 quaquam
721 3146 957 3211 uideat
1002 3147 1075 3209 in
1128 3153 1316 3210 terra
1364 3146 1773 3224 uiuentium,
1827 3144 1949 3210 sed
1999 3164 2202 3207 suum
2263 3163 2427 3209 auc-

318 3254 537 3312 torem
573 3246 922 3311 diabolum
956 3255 1290 3329 sequatur
1332 3247 1404 3309 in
1436 3245 1803 3324 infernum,
1837 3245 1934 3310 ibi
1966 3250 2074 3308 est
2115 3243 2319 3308 fletus
2357 3252 2428 3310 et

319 3347 575 3411 stridor
605 3347 937 3412 dentium.

1135 3638 1596 3706 ccccnxl.

1051 3760 1492 3867 Essnwm,
1535 3788 1716 3853 9562

419 3943 497 4023 »1⁴
541 3938 708 4005 CUM
752 3937 1258 4003 Aecclesiastes
1291 3944 1529 4000 noster
1590 3956 1729 4000 non
1784 3936 2008 4000 solum
2068 3941 2419 4020 parabolis

307 4061 547 4105 uerum
580 4040 788 4105 etiam
822 4037 1126 4101 euidenti
1160 4044 1231 4101 et
1260 4036 1630 4119 perspicua
1651 4036 1919 4099 ratione
1951 4039 2183 4102 omnia
2215 4059 2415 4103 mun-

1228 4160 1245 4192 ¹
1271 4162 1358 4210 Sic
1378 4161 1495 4210 MS.

401 4260 575 4306 TOM.
614 4260 692 4305 11.
2075 4254 2113 4297 Z
