3044 5019
897 472 1242 520 anRrAE
1292 472 1978 522 ANGLOSAxochE.
2357 461 2489 527 365

369 648 615 692 seruus
645 648 1002 692 seruorum
1037 630 1174 706 dei,
1207 630 1486 694 domino
1518 631 2100 694 excellentissimo
2132 630 2479 712 Eadgaro,

370 728 511 791 filio
540 748 693 805 suo,
723 729 870 810 regi
905 727 1321 811 Anglorum,
1347 730 1644 793 salutem
1681 737 1751 793 et
1786 731 2237 812 apostolicam
2271 733 2480 794 bene-

367 828 762 892 dictionem.
903 828 1088 906 Quia
1134 829 1354 893 literis
1402 835 1565 893 tuae
1616 830 2068 907 celsitudinis,
2114 831 2211 893 fili
2254 830 2477 894 karis-

371 928 564 1004 sime,
600 928 798 991 nobis
845 928 1206 992 innotuisti
1235 928 1320 992 de
1347 928 1767 992 monasterio
1811 931 2037 993 sancti
2070 930 2286 1006 Petri,
2320 950 2477 1013 spe-

373 1027 569 1090 cialis
604 1028 878 1109 patroni
911 1028 1039 1105 tui,
1086 1029 1268 1110 quod
1315 1029 1402 1091 ab
1446 1028 1750 1110 antiquis
1786 1027 2088 1109 Angliae
2120 1030 2398 1111 regibus
2432 1051 2477 1095 a

371 1133 723 1208 potestate
745 1126 1189 1191 Londonicae
1218 1128 1401 1192 sedis
1444 1127 1751 1217 episcopi
1792 1147 1947 1190 cum
1989 1129 2277 1192 consilio
2299 1150 2472 1212 pon-

367 1226 634 1290 tificum
669 1226 974 1289 eiusdem
1011 1228 1279 1309 patriae
1305 1227 1512 1290 fuerit
1549 1236 1882 1309 ereptum,
1918 1233 1989 1290 et
2034 1229 2120 1290 ab
2157 1228 2316 1292 hinc
2346 1232 2473 1293 sub

371 1326 705 1406 regimine
768 1346 1011 1407 regum
1063 1326 1177 1389 uel
1234 1326 1776 1395 clarissimorum
1823 1327 2150 1391 abbatum
2204 1348 2474 1410 semper

370 1424 808 1507 dispositum,
855 1432 925 1488 et
971 1425 1344 1508 postulasti
1397 1427 1674 1489 anobis
1728 1432 1808 1489 ut
1838 1426 2275 1508 priuilegium
2327 1430 2471 1510 epi-

371 1543 739 1606 scoporum
768 1524 854 1587 de
890 1525 1131 1588 eodem
1175 1526 1599 1588 monasterio
1646 1525 1907 1588 factum
1967 1535 2204 1590 nostro
2258 1528 2470 1609 priui-

370 1621 555 1705 legio
587 1624 795 1687 immo
842 1624 1065 1705 magis
1111 1623 1583 1706 apostolorum
1627 1625 1957 1707 principis
1994 1627 2469 1691 roboraremus

372 1724 807 1800 auctoritate,
841 1723 1291 1786 libentissime
1339 1723 1716 1786 secundum
1762 1730 1924 1787 tuae
1965 1725 2472 1791 beniuolentiae

371 1822 772 1903 petitionem
817 1821 1130 1886 facimus,
1235 1821 1677 1886 Auctoritate
1727 1821 2060 1903 siquidem
2101 1825 2289 1887 beati
2338 1826 2470 1889 Pe·

372 1922 461 1983 tri
507 1921 978 2002 apostolorum
1022 1922 1379 2004 principiS,
1431 1922 1552 2005 qui
1597 1911 2011 2004 potestatem
2056 1922 2320 2004 ligandi
2366 1932 2471 1989 at-

373 2040 507 2102 que
539 2020 852 2084 soluendi
883 2041 925 2085 a
955 2021 1232 2085 domino
1254 2023 1544 2104 accepit,
1576 2021 1905 2105 cuiusque
1932 2041 2059 2086 nos
2081 2024 2325 2086 uicarii
2348 2044 2470 2088 ex-

372 2120 668 2198 istimuS,
717 2121 1103 2185 stabilimus
1132 2128 1211 2186 ut
1250 2116 1399 2203 ipse
1429 2123 1647 2200 locuS,
1693 2142 1932 2204 regum
1972 2124 2360 2205 praeceptis
2402 2132 2470 2189 et

371 2219 755 2302 priuilegiis
789 2222 1187 2303 apostolicis
1230 2221 1471 2298 fultus,
1516 2242 1642 2304 per
1687 2223 1918 2285 omnia
1963 2229 2276 2305 tempora
2320 2225 2470 2289 sine

371 2320 778 2400 repetitione
807 2320 1274 2403 cuiuscunque
1307 2320 1747 2385 Londonicae
1777 2322 1965 2384 urbis
1989 2323 2316 2405 episcopi,
2347 2333 2469 2389 aut

371 2418 663 2482 alicuius
711 2419 1110 2483 iudiciariae
1162 2420 1556 2501 potestatiS,
1611 2420 1724 2484 uel
1766 2421 2232 2502 cuiuscunque
2266 2442 2466 2503 prae-

371 2519 674 2600 potentis
725 2519 1045 2597 hominiS,
1104 2520 1575 2603 cuiuscunque
1626 2519 1883 2583 ordinis
1940 2521 2054 2584 uel
2103 2522 2466 2602 dignitatis

370 2619 484 2695 sit,
517 2638 787 2701 semper
820 2619 1002 2683 sicut
1027 2608 1394 2701 praeoptat
1424 2626 1494 2683 et
1526 2620 1792 2701 expetit
1836 2627 1959 2683 tua
1997 2621 2467 2688 beniuolentia

370 2724 564 2781 ratus
598 2719 832 2782 futuro
876 2727 1185 2800 tempore
1216 2726 1642 2801 permaneat.
1748 2719 2198 2803 Uenerabiles
2250 2722 2468 2803 igitur

372 2817 677 2881 eiusdem
720 2819 854 2882 loci
888 2818 1136 2882 fratres
1172 2818 1477 2901 ydoneos
1507 2839 1597 2882 ex
1638 2838 1737 2896 se,
1777 2819 1889 2882 uel
1930 2839 2018 2881 ex
2054 2839 2464 2903 quacunque

375 2916 721 2981 uoluerint
784 2918 1343 2999 congregatione,
1421 2918 1707 2981 abbates
1752 2918 1903 2981 siue
1965 2918 2265 2983 decanos
2337 2922 2469 2985 sibi

373 3035 497 3097 per
526 3018 995 3081 successiones
1029 3018 1350 3098 eligendi,
1385 3037 1474 3081 ex
1502 3018 1918 3081 auctoritate
1948 3016 2151 3081 huius
2186 3026 2472 3085 sanctae

373 3113 735 3180 Romanae
795 3116 977 3180 sedis
1030 3125 1102 3180 et
1150 3123 1412 3194 nostra,
1465 3117 1651 3181 sicut
1696 3117 2126 3198 postulastis»,
2174 3119 2468 3200 amplius

370 3213 672 3279 habeant
710 3223 1150 3298 potestatem,
1195 3236 1281 3279 ne
1330 3217 1794 3298 impediantur
1837 3216 2251 3281 auctoritate
2296 3237 2466 3301 apo—

368 3315 615 3378 stolica
689 3315 1153 3398 prohibemuS,
1219 3335 1442 3398 neque
1503 3336 1630 3398 per
1685 3317 2086 3380 uiolentiam
2132 3325 2467 3383 extranea

369 3433 666 3495 persona
715 3414 1215 3492 introducatur,
1260 3416 1393 3478 nisi
1441 3435 1650 3498 quam
1694 3416 1915 3479 omnis
1967 3435 2253 3480 concors
2300 3437 2463 3481 con-

370 3514 689 3595 gregatio
741 3515 1047 3595 elegerit.
1153 3514 1528 3579 Praeterea
1576 3514 1676 3576 illi
1720 3515 1874 3577 loco
1927 3514 2252 3596 quicquid
2299 3536 2465 3580 con-

374 3613 638 3690 tuleriS,
673 3614 787 3678 uel
820 3614 1148 3677 collatum
1194 3621 1301 3677 est
1343 3614 1456 3676 uel
1497 3612 1909 3688 conferetur,
1949 3613 2189 3677 diuina
2228 3623 2467 3681 aucto—

370 3711 578 3776 ritate
623 3719 693 3776 et
741 3720 980 3776 nostra
1019 3714 1447 3777 roboramus,
1556 3711 1936 3794 Priuilegia
1978 3733 2146 3777 uero
2191 3735 2466 3797 posses-

372 3811 645 3876 sionum
691 3819 762 3876 et
790 3813 1205 3894 dignitatum
1250 3812 1598 3875 karissimi
1643 3811 1880 3876 fratris
1919 3814 2138 3876 nostri
2176 3834 2465 3880 uenera-

365 3911 531 3974 ¹bilis
600 3913 951 3976 Dunstani
1015 3913 1444 3995 aliorumque
1504 3911 1809 3975 fidelium
1870 3912 2121 3976 ibidem
2171 3914 2466 3993 indulta,

373 4029 641 4074 necnon
676 4019 747 4074 et
779 4011 1147 4093 priuilegia
1184 4017 1425 4074 nostra
1462 4011 1553 4073 ad
1593 4010 1921 4075 honorem
1966 4011 2075 4074 dei
2116 4015 2467 4094 pertinen-

369 4108 493 4185 tia,
527 4129 705 4192 quae
736 4110 831 4173 ibi
857 4111 1219 4174 instituere
1243 4110 1570 4185 uolueriS,
1598 4111 1905 4191 gratanti
1937 4109 2187 4174 affectu
2220 4114 2464 4176 annui-

369 4228 546 4286 muS,
596 4210 1077 4275 confirmamus
1123 4217 1193 4274 et
1237 4209 1704 4273 confirmando
1742 4211 1816 4273 in
1859 4216 2266 4292 perpetuum
2312 4220 2466 4278 rata
