3044 5019
561 392 692 457 340
1090 409 1435 459 anR'rAn
1483 409 2169 458 ANcnosAxochss.

565 563 943 629 sacerdotis
995 564 1369 646 Wulfgari,
1428 566 1501 628 in
1561 565 1715 629 loco
1771 566 1890 629 ubi
1953 565 2397 647 antiquorum
2453 563 2708 627 relatu‘

566 665 960 728 nominatur
992 672 1084 729 aet
1123 663 1392 743 Forda3
1433 673 1512 728 ut
1540 666 1632 729 sit
1663 666 2015 747 praedicta
2039 665 2322 729 donatio
2352 663 2689 727 immunis

570 765 657 827 ab
680 763 868 827 omni
897 762 1117 827 fiscali
1140 765 1399 828 tributo
1422 772 1492 828 et
1521 764 1851 846 uectigali
1883 764 2128 846 regali,
2163 771 2461 846 excepto
2497 782 2692 825 com-

570 863 761 926 muni
807 863 1043 926 labore
1096 862 1584 945 expeditioniS‚
1646 865 1879 946 pontis
1929 865 2246 946 arcisque
2285 862 2694 937 munimine,

571 982 728 1025 cum
762 963 1080 1026 omnibus
1116 982 1294 1045 quae
1330 964 1462 1027 sibi
1500 964 1632 1027 rite
1676 965 2048 1047 pertinent,
2092 971 2240 1026 tam
2278 963 2352 1026 in
2396 962 2692 1074 campis,

572 1061 817 1144 pratiS,
840 1063 1141 1144 pascuis»,
1170 1081 1664 1146 nemorumque
1694 1062 2059 1142 densitate,
2085 1082 2295 1146 quam
2316 1062 2390 1125 in
2418 1061 2696 1142 magnis

573 1169 644 1225 et
692 1162 765 1225 in
817 1161 1135 1226 minimis,
1251 1162 1324 1225 Si
1382 1163 1538 1246 quis
1606 1182 1772 1226 uero
1820 1164 1950 1227 hoc
1996 1169 2312 1226 nostrum
2379 1160 2689 1224 karisma

572 1262 809 1344 aliqua
838 1262 1344 1325 machinatione
1377 1262 1751 1344 infringere
1795 1269 2086 1326 conatus
2131 1261 2364 1338 fuerit,
2409 1261 2688 1324 ueniam

574 1380 715 1424 non
750 1361 859 1424 hic
885 1369 1253 1438 mereatur,
1303 1382 1429 1425 nec
1475 1363 1550 1425 in
1593 1361 1827 1426 futuro
1877 1362 2073 1442 regni
2117 1360 2437 1425 coelestis
2467 1359 2687 1423 claui-

577 1479 817 1540 gerum
868 1462 1243 1543 propitium
1311 1461 1586 1539 habeat,
1633 1463 1765 1525 nisi
1820 1461 2013 1544 prius
2060 1461 2171 1525 hic
2219 1461 2309 1524 ad
2371 1458 2694 1523 satisfac-

583 1560 841 1623 tionem
881 1562 1117 1624 uenire
1161 1561 1503 1625 maluerit.
1611 1560 1814 1625 Haec
1847 1568 2043 1625 carta
2081 1561 2343 1643 scripta
2375 1567 2483 1623 est
2511 1578 2695 1633 anno

583 1659 967 1724 dominicae
995 1660 1492 1724 incarnationis
1527 1663 1983 1725 Dococ.Lvll⁰.
2014 1660 2388 1724 indictione
2425 1675 2552 1722 xv,

688 1759 842 1841 Ego
909 1759 1201 1843 Eadwig
1257 1779 1385 1825 rex
1441 1758 1832 1842 Anglorum
1894 1759 2467 1823 indeclinabiliter
2532 1778 2699 1822 con-

585 1860 761 1922 cessi
802 1860 909 1940 ffl.
1017 1859 1170 1942 Ego
1217 1860 1499 1941 Eadgar
1539 1861 1844 1924 eiusdem
1895 1860 2080 1942 regis
2128 1858 2343 1924 frater
2385 1857 2704 1922 celeriter

588 1959 907 2022 consensi
965 1960 1076 2040 ᾧ.
1211 1959 1364 2041 Ego
1434 1959 1590 2023 Odo
1657 1960 2217 2042 archiepiscopus
2285 1978 2440 2022 cum
2502 1958 2705 2040 signo

591 2064 875 2121 sanctae
940 2057 1163 2121 crucis
1231 2060 1553 2123 roboraui
1595 2061 1673 2141 »1⁴
1691 2105 1706 2122 .
1829 2058 1985 2139 Ego
2017 2058 2359 2122 AElfsinus
2421 2059 2706 2140 praesul

593 2155 897 2237 sigillum
953 2176 1177 2239 agyae
1236 2159 1459 2222 crucis
1515 2159 1836 2241 impressi
1876 2161 1983 2240 ᾧ.
2107 2157 2261 2240 Ego
2296 2157 2708 2241 Byrhthelm

588 2255 951 2338 episcopus
1016 2257 1420 2321 confirmaui
1481 2260 1593 2340 ᾧ.
1729 2258 1883 2339 Ego
1950 2256 2278 2326 Cenwald
2335 2257 2705 2340 episcopus

586 2357 904 2438 acquieui
946 2358 1056 2438 ᾧ.
1191 2356 1344 2437 Ego
1393 2356 1678 2441 Oscytel
1725 2358 2091 2440 episcopus
2137 2357 2546 2439 consignaui
2583 2358 2695 2438 ᾧ.

588 2454 742 2537 Ego
791 2456 1004 2521 Osulf
1044 2456 1409 2539 episcopus
1460 2458 1900 2521 corroboraui
1941 2458 2052 2539 »1«.
2158 2455 2312 2538 Ego
2361 2456 2696 2520 AElfwold

590 2556 956 2638 episcopus
1016 2555 1336 2620 consensi
1384 2558 1495 2638 ᾧ.
1618 2556 1771 2638 Ego
1834 2555 2052 2641 Apuli*
2107 2557 2471 2639 episcopus
2534 2558 2698 2620 sub-

586 2654 832 2736 scripsi
861 2658 973 2738 ᾧ.
1079 2655 1232 2739 Ego
1264 2656 1515 2720 Daniel
1548 2656 1910 2739 episcopus
1939 2656 2245 2720 conclusi
2275 2659 2386 2738 ᾧ.
2463 2655 2698 2720 λΕὔθΙ-

589 2761 747 2817 stan
799 2754 941 2818 dux
989 2757 1067 2837 »1⁴
1084 2803 1099 2819 .
1193 2754 1556 2819 Eadmund
1609 2756 1754 2819 dux
1801 2758 1911 2838 ᾧ.
2006 2755 2351 2839 AEpelsige
2395 2754 2542 2818 dux
2584 2758 2662 2838 »1⁴
2679 2804 2696 2819 .

594 2853 951 2937 ByrhtnoiS
1016 2855 1160 2919 dux
1235 2857 1313 2937 »1⁴
1331 2901 1347 2918 .
1470 2854 1790 2918 AElfhcre
1853 2854 2000 2918 dux
2068 2857 2146 2937 »1⁴
2164 2901 2179 2918 .
2319 2854 2700 2939 AEpelwold

592 2952 738 3017 dux
760 2956 871 3036 ᾧ.
951 2954 1248 3035 AElfsige
1279 2953 1593 3018 minister
1615 2957 1692 3036 ›1‹
1711 3000 1726 3018 .
1806 2954 2217 3040 AEpelgeard
2246 2954 2560 3019 minister
2587 2957 2699 3037 »Im

597 3053 843 3117 AElfric
891 3055 1202 3117 minister
1248 3056 1358 3136 ᾧ.
1466 3054 1753 3135 AElfwig
1800 3054 2113 3118 minister
2148 3056 2258 3136 ᾧ.
2364 3054 2523 3117 AElf
2525 3053 2705 3117 heah

594 3152 909 3215 minister
948 3155 1025 3234 ›1‹
1044 3200 1059 3215 .
1191 3153 1515 3217 AElfwinc
1565 3153 1878 3219 minister
1929 3154 2040 3234 ᾧ.
2147 3153 2413 3217 AElfred
2463 3153 2708 3218 minis-

593 3259 702 3314 ter
733 3252 811 3332 »1⁴
828 3297 843 3314 .
937 3251 1236 3333 AElfsige
1285 3253 1597 3317 minister
1640 3255 1751 3335 ᾧ.
1855 3252 2183 3335 Wulfgar
2231 3253 2547 3317 minister
2590 3257 2704 3336 ᾧ.

600 3350 877 3432 AElfgar
907 3350 1221 3415 minister
1263 3354 1373 3434 ᾧ.
1480 3351 1850 3435 Βγτὴῐΐθτδ
1900 3353 2213 3416 minister
2255 3354 2367 3434 ᾧ.
2470 3352 2711 3417 AEoel-

597 3447 766 3514 mae'r
816 3450 1131 3514 minister
1173 3453 1284 3533 ᾧ.
1405 3452 1703 3517 Wulfric
1758 3453 2073 3515 minister
2133 3454 2244 3534 ᾧ.
2348 3451 2713 3517 Wulfstan

598 3551 910 3615 minister
980 3553 1090 3633 ᾧ.
1214 3550 1466 3616 Eadric
1507 3552 1822 3616 minister
1886 3554 1963 3633 ›1‹
1982 3599 1996 3615 .
2129 3552 2424 3637 Byrnric
2467 3553 2708 3616 minis-

599 3657 705 3712 ter
750 3650 860 3730 ᾧ.
