3044 5019
823 442 1166 489 cnam-AR
1206 442 1359 509 nuc
1371 442 1896 492 LOSAxonrcAE.
2284 428 2417 492 103

302 622 379 665 ra
442 608 537 665 aet
606 600 808 664 h5me
855 601 991 665 and
1049 621 1138 664 an
1196 602 1431 681 cinges
1485 601 1802 665 bocholte
1859 596 1944 664 fis
1978 620 2173 666 wena
2222 622 2410 683 gang

302 701 402 764 fra
466 702 631 764 lacii
703 699 784 764 οὔ
862 720 1367 764 sumermessan
1432 701 1582 765 haec
1646 702 1875 765 omnia
1955 701 2134 766 dabo
2196 704 2260 765 ei
2336 704 2407 765 in

302 802 724 883 sempiterna
793 800 1195 865 haereditate
1259 801 1390 864 sibi
1462 800 1779 864 habendii
1840 811 1934 865 aet
1991 803 2408 885 possidendfi

301 900 667 983 feliciterq:
718 902 791 964 in
848 901 992 964 dies
1048 901 1195 964 eius
1249 901 1665 983 perfruendii
1720 907 1813 965 eet
1854 910 2016 984 post
2062 903 2208 966 dies
2257 904 2408 968 eius

300 1001 646 1083 cuicumq:
682 1002 746 1065 ei
778 999 1024 1064 herede
1063 1001 1402 1083 placuerit
1441 1000 1980 1083 derelinquendii
2024 1002 2243 1065 libera
2281 1024 2406 1086 per

304 1101 534 1164 omnia
569 1100 827 1165 habeat
871 1104 1216 1183 potestate
1259 1101 1448 1164 intus
1493 1108 1587 1164 eet
1631 1100 1798 1165 soris
1840 1103 2111 1183 magnis
2146 1122 2228 1166 ac
2259 1123 2406 1167 mo-

305 1201 473 1264 dicis
517 1201 708 1264 notis
754 1208 897 1284 atq:
945 1201 1203 1282 ignotis
1247 1201 1334 1263 cii
1378 1199 1566 1283 capis
1618 1201 1815 1264 siluis
1860 1203 2078 1283 pratis
2131 1203 2410 1284 pascuis

304 1300 807 1382 piscationibus
860 1300 1245 1382 omnibusq:
1299 1300 1388 1363 ad
1451 1300 1534 1364 eii
1593 1301 1726 1364 rite
1776 1301 1904 1365 hac
1955 1308 2141 1364 recte
2196 1303 2408 1383 perti-

306 1402 632 1464 nentibus
687 1400 817 1463 hoc
852 1401 1147 1483 ipsumq:
1198 1400 1450 1464 omnib:
1504 1402 1954 1464 successorib:
1999 1401 2134 1463 niis
2179 1402 2248 1465 in
2283 1421 2406 1464 no-

305 1500 484 1563 mine
518 1501 1016 1582 omnipotentis
1050 1498 1121 1563 di
1152 1500 1519 1563 obseruare
1554 1501 2012 1582 praecipimus
2043 1508 2123 1563 ut
2157 1500 2409 1583 quadiu

307 1601 641 1664 cristiana
691 1599 965 1663 fides'in
1000 1606 1183 1663 terra
1214 1606 1529 1663 seruetur
1577 1600 1794 1665 libera
1844 1602 1932 1664 ab
1972 1600 2158 1663 omni
2193 1602 2410 1682 regali

308 1700 650 1764 seruitute
712 1699 1131 1763 aeternaliter
1193 1707 1596 1781 permaneat
1648 1700 1778 1762 nisi
1835 1700 1939 1763 his
1995 1702 2193 1764 tantfi
2250 1702 2406 1765 trib:

309 1801 538 1863 causis
584 1800 657 1862 id
699 1823 744 1865 -t-
796 1799 1243 1881 expedicione
1298 1806 1392 1862 aet
1442 1800 1621 1862 arcis
1674 1800 2053 1863 munitione
2107 1801 2408 1883 pontisq:

308 1901 826 1963 constructione
882 1899 942 1962 si
982 1899 1137 1980 quis
1175 1896 1220 1960 l?
1266 1898 1396 1962 hoc
1437 1918 1715 1962 seruare
1760 1899 2059 1963 uoluerit
2098 1907 2413 1963 seruetur

310 2000 371 2061 ei
422 2007 668 2063 eterna
714 1998 1100 2063 benedictio
1149 1998 1222 2059 in
1267 1998 1431 2061 celis
1478 2000 1539 2061 si
1575 1997 1623 2061 k
1667 1999 1849 2062 absit
1883 2006 2054 2081 quot
2102 2020 2240 2063 non
2287 2019 2409 2082 op-

310 2105 542 2162 tamus
588 2106 669 2162 ut
713 2097 1004 2162 alicuius
1052 2098 1364 2179 personis
1403 2098 1608 2162 homo
1653 2098 1994 2163 diabolica
2026 2100 2412 2164 temeritate

308 2199 685 2278 instigatus
718 2198 1094 2262 surrexerit
1125 2198 1244 2280 qui
1278 2197 1455 2261 hanc
1497 2197 1868 2263 donatione
1899 2199 2270 2281 infringere
2298 2201 2413 2264 uel

309 2299 619 2361 minuere
649 2298 1095 2380 temptauerit
1125 2297 1301 2360 sciat
1335 2316 1411 2360 se
1442 2298 1708 2361 ratione
1742 2318 1892 2362 esse
1923 2298 2279 2362 redditurii
2321 2307 2414 2363 aet

312 2417 354 2461 a
384 2397 474 2462 do
512 2406 583 2462 et
616 2397 882 2478 angelis
924 2398 1071 2460 eius
1115 2397 1189 2459 in
1234 2396 1345 2459 die
1389 2397 1990 2481 iudiciiseparatii
2024 2399 2157 2462 nisi
2206 2405 2412 2462 antea

312 2497 524 2580 digna
576 2497 1048 2563 satisfactione
1096 2494 1186 2561 do
1231 2503 1303 2561 et
1347 2496 1672 2564 hominib:
1711 2498 1840 2564 hoc
1880 2499 2241 2564 emendare
2285 2520 2410 2563 uo-

313 2598 520 2663 luerit
567 2600 731 2663 actii
784 2606 893 2662 est
942 2595 990 2660 k
1045 2596 1169 2661 hec
1224 2596 1506 2661 donatio
1564 2618 1745 2663 anno
1799 2601 2138 2664 dominice
2185 2600 2409 2663 incar·

312 2697 612 2762 nationis
672 2699 1109 2762 ncccnxxv0.
1157 2690 1374 2761 indict
1423 2746 1439 2763 .
1462 2700 1565 2763 ν’).
1604 2716 1761 2763 v111.
1808 2700 1913 2763 his
1962 2701 2193 2764 testib:
2245 2719 2409 2763 con-

313 2798 706 2863 sentientib:
761 2797 890 2862 hac
940 2797 1465 2862 conscribentib:
1525 2800 1747 2881 quorii
1790 2799 1855 2862 ic
1903 2800 2183 2863 nomina
2232 2798 2412 2863 infra

314 2897 442 2963 hac
474 2900 548 2962 in
579 2898 860 2963 scedula
891 2890 1286 2961 caraxsanf.

416 3018 547 3081 ego
581 2997 817 3061 aelfred
862 2997 1092 3078 gratia
1134 2995 1207 3061 di
1249 3017 1373 3060 rex
1414 2996 1593 3060 hanc
1646 2995 1966 3061 libertate
2020 2995 2412 3061 donationis

319 3118 511 3165 meae
551 3097 867 3162 consensi
916 3115 1196 3180 manuq:
1243 3115 1397 3160 mea
1438 3097 1722 3179 propria
1766 3098 2088 3162 roboraui
2132 3105 2203 3162 et
2248 3100 2410 3162 sub-

321 3198 563 3281 scripsi

416 3307 546 3380 ego
581 3295 930 3360 aeberedus
962 3293 1271 3383 archieps
1304 3297 1621 3361 consensi
1656 3304 1725 3360 et
1757 3298 2154 3381 subscripsi.

418 3417 547 3480 ego
579 3397 970 3461 oswealdus
1002 3398 1183 3462 filius
1215 3396 1399 3477 regis
1430 3397 1532 3463 οίέ
1561 3419 1605 3487 7
1637 3397 1739 3462 sb.

417 3518 545 3580 ego
579 3496 857 3561 aelfstan
889 3496 1057 3561 dux.
1091 3498 1192 3564 αξ
1223 3518 1267 3586 7
1293 3496 1396 3559 sb,

418 3618 547 3679 ego
579 3595 938 3661 beorhtulf
961 3597 1140 3661 dux:
1162 3596 1263 3663 αξ
1293 3617 1338 3686 7
1370 3597 1471 3661 sb·

365 3725 368 3728 ¹
421 3718 549 3779 ego
581 3695 819 3778 siguls.
854 3695 943 3760 ffi.
978 3698 1184 3778 regis·
1216 3696 1338 3761 αξ.
1361 3718 1405 3786 7
1438 3697 1541 3759 sb.

420 3818 548 3880 ego
582 3795 901 3879 sighelm.
938 3796 1028 3860 ffi.
1064 3797 1271 3877 regis.
1304 3795 1429 3861 αξ.
1464 3819 1508 3887 7
1544 3796 1645 3858 sb,

419 3918 547 3980 ego
577 3897 785 3961 odda.
822 3895 912 3960 ἰῇ.
947 3896 1070 3962 οίέ.
1104 3918 1149 3987 7
1183 3895 1285 3962 sb.

420 4018 549 4080 ego
584 3996 828 4061 mii-ed.
863 3995 953 4060 fn.
982 3996 1105 4062 als.
1139 4018 1184 4087 7
1216 3996 1318 4059 sb.

420 4117 550 4180 ego
583 4095 861 4161 oswuls.
900 4095 990 4159 ffi.
1026 4096 1149 4162 os.
1182 4118 1226 4186 7
1259 4095 1360 4158 sb.

415 4220 545 4282 ego
578 4196 934 4265 wulfstan.
970 4195 1060 4260 ιῖι.
1096 4196 1218 4262 αξ.
1253 4217 1296 4286 7
1327 4195 1429 4258 sb.
