3044 5019
556 423 687 487 390
1056 437 1400 484 anR'rAE
1448 435 2131 486 ANGLOSAXONIGAE.

562 595 887 659 karisma.
1012 593 1086 657 Si
1141 594 1296 677 quis
1362 599 1594 656 autem
1644 592 1822 655 hanc
1873 599 2179 655 nostram
2221 591 2661 657 donationem

564 694 982 775 amplificare
1020 699 1141 756 aut
1190 712 1444 774 augere
1486 692 1892 768 decreuerit,
1936 699 2277 771 augeatur
2319 692 2383 754 ei
2430 693 2561 756 hoc
2595 694 2666 756 in

564 792 844 856 saeculo
875 792 1216 856 foelicitas
1248 799 1319 855 et
1351 793 1800 874 prosperitas»,
1838 799 1909 854 et
1952 791 2023 853 in
2069 790 2304 854 futuro
2355 792 2667 855 coetibus

567 891 901 972 angelicis
936 891 1133 972 iungi
1179 898 1525 955 mereatur
1568 892 1641 954 in
1691 910 1964 965 aeuum,
2001 898 2080 953 ut
2122 910 2362 955 uocem
2406 889 2669 955 Christi

567 991 800 1054 ualeat
854 989 1114 1066 audire,
1151 989 1252 1053 ita
1295 989 1532 1067 fantiS,
1566 990 1819 1054 Uenite
1860 989 2203 1053 benedicti
2236 992 2455 1071 patris
2505 992 2666 1068 mei,

568 1109 750 1152 nunc
781 1109 936 1153 cum
965 1109 1136 1171 pace
1185 1090 1303 1172 pia
1348 1109 1622 1153 sacrum
1669 1089 2001 1171 percipite
2045 1088 2383 1171 principio
2428 1091 2670 1154 mundi

569 1209 857 1270 regnum
883 1188 1081 1252 uobis
1111 1189 1298 1270 quod
1331 1189 1459 1252 rite
1494 1195 1815 1270 paratum
1848 1197 1976 1251 est.
2082 1188 2157 1252 Si
2198 1196 2452 1266 autem,
2483 1191 2665 1273 quod

572 1290 777 1366 absit,
829 1289 1012 1352 filius
1061 1287 1464 1371 perditionis
1508 1287 1638 1350 hoc
1683 1294 1997 1351 nostrum
2026 1288 2375 1352 decretum
2424 1289 2669 1352 infrin-

571 1409 734 1471 gere
766 1397 891 1453 aut
931 1389 1297 1452 immutare
1335 1393 1627 1449 conatus
1666 1386 1896 1465 fuerit,
1934 1388 2028 1452 sit
2070 1388 2219 1469 ipse
2254 1387 2668 1453 Acherontis

572 1488 766 1552 cuius
796 1488 1110 1553 turbidus
1133 1506 1388 1569 gurges
1417 1505 1633 1549 coeno
1656 1505 1738 1549 ac
1766 1494 1973 1550 uasta
1992 1488 2325 1569 uoragine
2347 1496 2670 1553 aestuare

572 1587 926 1664 asseritur,
974 1588 1109 1650 nisi
1153 1587 1343 1668 prius
1393 1585 1504 1648 hic
1550 1584 1638 1648 ad
1687 1584 2226 1650 satisfactionem
2279 1590 2673 1669 peruenerit

573 1695 644 1751 et
673 1686 883 1768 digna
929 1685 1352 1768 poenitentia
1381 1684 1745 1749 emendare
1789 1686 2134 1751 maluerit.
2228 1685 2428 1750 Haec
2477 1688 2671 1751 uide-

574 1787 736 1850 licet
786 1787 1067 1851 donatio
1117 1784 1304 1849 facta
1361 1793 1468 1849 est
1514 1804 1696 1849 anno
1753 1785 2135 1851 dominicae
2177 1786 2672 1851 incarnationis

574 1903 1039 1951 ncccc.Lx111.
1073 1892 1145 1949 et
1174 1885 1393 1950 nostri
1435 1885 1706 1967 imperii
1746 1903 1839 1949 v1.
1877 1886 2145 1950 cunctis
2179 1886 2348 1949 meis
2381 1904 2670 1950 consen—

573 1987 901 2048 tientibus
951 1984 1425 2068 optimatibuS‚
1481 1992 1552 2048 et
1614 1986 1983 2067 praecipue
2037 1984 2145 2049 his
2193 2005 2485 2068 quorum
2543 2006 2673 2050 no-

575 2086 762 2147 mina
792 2086 1165 2148 subnotata
1192 2091 1656 2149 recensentur.

686 2185 764 2265 »14
799 2184 951 2264 Ego
998 2184 1363 2263 Eadgarus
1408 2185 1637 2265 gratia
1681 2183 1791 2248 dei
1834 2185 2050 2248 totius
2092 2182 2494 2249 Britanniae
2541 2185 2671 2249 tel-

575 2283 744 2346 luris
773 2282 1089 2346 dominus
1118 2303 1350 2352 meum
1378 2283 1634 2347 donum
1663 2284 1940 2366 proprio
1972 2286 2203 2366 sigillo
2243 2285 2669 2349 confirmaui.

585 2385 663 2465 »14
694 2383 848 2464 Ego
921 2384 1331 2448 Dunstanus
1392 2383 1946 2465 archiepiscopus
2024 2384 2256 2466 regiae
2315 2386 2678 2449 roborator

577 2483 967 2548 donationis
1033 2484 1234 2564 agiae
1296 2484 1517 2548 crucis
1578 2473 1992 2566 triumphale
2056 2483 2490 2566 signaculum
2554 2484 2671 2548 de—

576 2583 794 2664 pinxi.
849 2645 856 2653 ,
938 2586 1016 2666 »14
1048 2583 1200 2662 Ego
1251 2582 1535 2667 Oscytel
1604 2583 2160 2666 archiepiscopus
2219 2584 2678 2648 Eboracensis

575 2682 949 2745 aecclesiae
1010 2683 1209 2764 signo
1259 2682 1616 2747 salutifero
1668 2683 1845 2747 hanc
1890 2683 2184 2765 legalem
2233 2683 2675 2765 largitionem

575 2782 1005 2863 praenotaui.
1119 2783 1197 2863 »14
1234 2782 1387 2864 Ego
1442 2781 1726 2846 Oswald
1778 2783 2143 2865 episcopus
2182 2783 2486 2847 ciuitatis
2522 2782 2675 2847 He-

577 2881 805 2944 roicae
843 2882 1023 2944 hanc
1068 2882 1325 2964 regiam
1372 2880 1773 2945 stabilitatis
1816 2883 2257 2947 donationem
2289 2883 2490 2963 signo
2521 2882 2674 2964 pol—

575 2978 745 3044 lenti
792 2981 1106 3062 praefixi.
1217 2984 1295 3064 »14
1329 2981 1480 3063 Ego
1516 2980 1857 3065 Cynesige
1885 2983 2252 3065 episcopus
2286 2981 2673 3046 Lichefeld-

575 3082 760 3144 ensis
799 3080 1171 3145 aecclesiae
1210 3081 1388 3144 hanc
1423 3081 1607 3162 regis
1650 3078 2187 3146 munificentiam
2221 3082 2474 3162 gabulo
2519 3081 2671 3160 glo-

577 3181 761 3243 rioso
824 3181 1209 3262 praepinxi.
1345 3183 1423 3263 »14
1471 3181 1625 3262 Ego
1687 3178 1907 3243 Assulf
1956 3181 2322 3264 episcopus
2390 3181 2672 3245 Elmha-

579 3278 833 3340 mensis
920 3279 1292 3342 aecclesiae
1369 3280 1548 3344 hanc
1614 3281 1953 3344 cartulam
2020 3280 2429 3358 dicacitatiS,
2510 3300 2672 3363 rege

578 3378 859 3460 suisque
909 3378 1488 3461 praecipientibus
1551 3381 2016 3463 praescribere
2077 3381 2269 3445 iussi.
2401 3380 2480 3461 »14
2521 3381 2673 3462 Ego

580 3477 795 3541 Osuls
826 3478 1191 3562 episcopus
1232 3479 1657 3543 confirmaui.
1772 3482 1850 3562 »14
1887 3480 2037 3562 Ego
2092 3479 2478 3544 Brihthelm
2528 3480 2674 3562 epi·

578 3597 830 3659 scopus
885 3579 1224 3643 consensi.
1339 3581 1417 3661 »14
1460 3580 1613 3660 Ego
1669 3579 2046 3664 AEpelwold
2097 3580 2461 3663 episcopus
2509 3600 2674 3644 con-

577 3676 864 3739 firmaui.
958 3680 1036 3758 »14
1060 3679 1212 3760 Ego
1250 3679 1584 3741 Eadhelm
1605 3680 1971 3762 episcopus
1995 3679 2327 3744 consensi.
2418 3682 2496 3762 »14
2518 3680 2673 3762 Ego

582 3773 899 3838 AElfhere
922 3776 1088 3839 dux.
1203 3779 1281 3859 »14
1314 3779 1464 3860 Ego
1498 3777 1831 3841 AElfheah
1867 3780 2028 3843 dux.
2144 3782 2222 3862 »14
2262 3779 2414 3860 Ego
2436 3778 2671 3843 AEbel-

577 3880 738 3937 stan
785 3873 951 3939 dux.
1065 3878 1143 3958 »14
1191 3877 1343 3957 Ego
1372 3878 1704 3942 Eadhelm
1745 3877 1912 3943 dux.
2027 3881 2105 3961 »14
2139 3880 2291 3960 Ego
2337 3878 2674 3943 Brihtnoss

577 3974 746 4038 duX.
862 3978 940 4056 »14
971 3975 1123 4056 Ego
1188 3976 1551 4041 Eadmund
1603 3978 1768 4040 dux.
1884 3980 1962 4058 »14
1993 3978 2147 4060 Ego
2207 3977 2453 4042 Gunar
2503 3979 2672 4043 dux.

586 4076 664 4156 »14
702 4074 852 4155 Ego
889 4075 1092 4138 Dune
1145 4074 1313 4139 dux.
1450 4080 1529 4158 »14
1564 4077 1714 4158 Ego
1746 4077 2076 4141 AElfwold
2139 4078 2470 4141 minister.
2586 4080 2665 4161 »14

580 4173 847 4240 Eanulf
857 4175 1192 4238 minister.
1309 4177 1387 4257 »14
1420 4177 1738 4240 AElshere
1761 4177 2094 4241 minister.
2210 4180 2288 4258 »14
2321 4177 2674 4242 Wulfstan
