3044 5019
622 414 754 478 364
1134 427 1479 475 CHARTAE
1525 426 2210 476 ANGLoSAonchE.

626 587 997 650 Dunstano
1065 585 1585 668 archiepiscopo
1650 592 1722 649 et
1778 581 2205 649 AEbelwoldo
2258 584 2725 667 Wyntonensi

625 687 950 769 episcopo
999 685 1245 762 indixi,
1285 695 1364 749 ut
1414 686 1645 749 omnia
1688 684 2112 749 monasteria
2146 705 2323 768 quae
2368 685 2550 748 inter
2587 693 2723 770 ter-

623 787 884 848 minum
919 785 1135 848 totius
1168 783 1470 867 Angliae
1525 786 1663 848 sita
1705 791 1870 848 sunt
1917 804 2131 866 supra
2180 785 2294 848 uel
2331 784 2536 861 infra,
2591 787 2723 849 cir-

623 886 961 949 cumirent
984 903 1065 948 ac
1088 884 1641 964 reaedificarent3
1666 885 2141 966 possessiones
2165 904 2343 966 quae
2367 884 2455 947 ad
2479 884 2720 949 fiscum

620 986 943 1051 redactae
965 990 1164 1047 erant
1193 984 1278 1047 de
1310 985 1482 1066 ipsis
1508 983 1947 1048 monasteriis
1987 983 2100 1046 uel
2146 985 2233 1047 ab
2279 984 2434 1048 aliis
2477 1003 2719 1049 saecu-

620 1085 881 1148 laribus
928 1084 1392 1166 potestatibus
1443 1103 1835 1165 peruersae,
1881 1083 2296 1166 ubicumque
2342 1085 2555 1147 cartis
2609 1086 2720 1148 uel

620 1184 1033 1248 testimoniis
1099 1190 1698 1265 recognoscerent,
1752 1202 1907 1246 mea
1972 1185 2387 1247 auctoritate
2426 1184 2586 1247 freti
2647 1186 2717 1247 in

617 1285 964 1364 integrum
997 1283 1481 1364 restituerent;
1533 1289 1604 1347 et
1626 1289 1960 1366 tanquam
1989 1282 2259 1347 dicente
2290 1282 2456 1345 mihi
2492 1283 2711 1349 domi—

620 1403 712 1446 no
739 1381 805 1445 A
836 1383 1064 1464 capite
1099 1383 1348 1464 incipe,
1394 1382 1466 1444 in
1511 1383 1753 1465 primis
1799 1381 2204 1445 aecclesiam
2236 1382 2558 1464 specialis
2592 1404 2716 1466 pa-

619 1482 803 1545 troni
833 1500 914 1546 ac
946 1483 1357 1563 protectoris
1395 1483 1615 1546 nostri
1649 1482 1836 1545 beati
1874 1481 2091 1558 Petri,
2123 1501 2302 1564 quae
2339 1484 2478 1545 sita
2505 1490 2613 1546 est
2645 1484 2715 1546 in

619 1582 773 1646 loco
801 1579 1090 1645 terribili
1124 1600 1303 1663 quae
1333 1582 1421 1645 ab
1449 1582 1696 1644 incolis
1733 1580 2099 1664 Thorneye
2133 1589 2597 1663 nuncupatur,
2629 1586 2715 1647 ab

617 1681 971 1745 occidente
1017 1681 1282 1744 scilicet
1332 1680 1521 1745 urbis
1566 1680 1989 1757 Londoniae,
2019 1700 2198 1763 quae
2238 1681 2426 1758 olim,
2482 1682 2555 1744 id
2610 1690 2715 1747 est

615 1782 998 1845 dominicae
1020 1766 1514 1845 incarnationis
1541 1801 1723 1845 anno
1748 1782 2080 1844 Dcm⁰.1111.
2104 1781 2286 1844 beati
2304 1779 2715 1846 AEbelbrihti

615 1881 921 1957 hortatu,
983 1880 1187 1963 primi
1247 1878 1640 1962 Anglorum
1692 1881 1876 1962 regis
1926 1880 2308 1956 christiani,
2358 1881 2712 1945 destructo

612 1982 805 2063 prius
819 1980 1090 2060 ,ibidem
1114 1979 1692 2044 abhominationis
1715 1980 1974 2062 templo
1991 1999 2230 2061 regum
2254 1999 2711 2061 paganorum,

615 2078 1009 2143 Asaberhto
1056 2079 1439 2161 praediuite
1513 2080 1811 2163 quodam
1870 2079 2244 2161 subregulo
2283 2078 2711 2160 Londoniae,

614 2186 866 2263 nepote
915 2178 1239 2242 uidelicet
1285 2178 1504 2260 ipsius
1555 2181 1764 2261 regiS,
1810 2186 2212 2244 constructa
2275 2185 2404 2256 est,
2450 2188 2520 2244 et
2572 2201 2712 2246 non

611 2281 699 2343 ab
729 2280 866 2343 alio
900 2279 1020 2342 sed
1053 2279 1141 2341 ab
1170 2280 1324 2360 ipso
1352 2284 1596 2343 sancto
1628 2279 1841 2343 Petro
1885 2280 2357 2362 apostolorum
2399 2281 2710 2365 principe

610 2380 682 2442 in
709 2400 910 2443 suum
945 2380 1165 2461 ipsius
1198 2379 1551 2461 proprium
1586 2378 1916 2443 honorem
1944 2379 2303 2459 dedicata;
2340 2379 2586 2444 dehinc
2622 2384 2708 2445 ab

611 2479 770 2544 Offa
813 2486 883 2543 et
936 2477 1310 2561 Kenulpho
1355 2479 1636 2561 regibus
1684 2478 2142 2543 celeberrimis
2191 2481 2703 2562 possessionum

607 2579 994 2662 priuilegiis
1058 2585 1130 2642 et
1194 2579 1408 2642 uariis
1473 2585 2034 2643 ornamentorum
2089 2581 2447 2662 speciebus
2500 2581 2706 2645 uehe-

606 2686 873 2741 menter
914 2678 1144 2741 fuerat
1182 2679 1445 2758 ditata;
1494 2686 1567 2743 et
1604 2678 1677 2741 in
1710 2699 1850 2762 qua
1894 2682 2092 2744 sedes
2145 2680 2339 2761 regia
2386 2686 2458 2743 et
2504 2680 2697 2745 locus

603 2778 814 2842 etiam
880 2779 1417 2842 consecrationis
1482 2799 1725 2860 regum
1770 2780 2154 2862 antiquitus
2210 2786 2381 2843 erat.
2490 2779 2701 2844 Hanc

602 2878 924 2960 praecepi
957 2887 1037 2941 ut
1069 2877 1361 2942 studiosi
1396 2885 1818 2943 restruerent
1852 2886 1923 2943 et
1956 2899 2192 2943 omnes
2229 2881 2702 2961 possessiones

604 2979 753 3042 eius
808 2977 1292 3055 readunarent,
1342 2984 1413 3041 et
1455 2979 1605 3060 ipse
1650 2977 1735 3041 de
1795 2979 2229 3042 dominicatis
2284 2980 2483 3042 terris
2530 2981 2699 3044 meis

603 3078 962 3161 aliquanta
1025 3078 1258 3141 addidi
1323 3085 1395 3141 et
1456 3078 1667 3141 cartis
1735 3084 1947 3161 atque
2014 3079 2341 3160 legitimis
2408 3081 2700 3144 testibus

601 3177 1067 3242 corroboraui.
1173 3177 1442 3240 Deinde
1498 3177 1911 3241 succedente
1981 3185 2312 3261 tempore,
2384 3174 2697 3244 concilio¹

601 3276 838 3339 habito
894 3277 1075 3338 inter
1139 3276 1495 3340 basilicam
1549 3278 1796 3359 ipsam,
1859 3279 2292 3360 praesidente
2370 3298 2478 3342 me
2542 3300 2697 3343 cum

598 3376 741 3440 filio
787 3395 940 3439 meo
972 3374 1315 3440 Edwardo
1361 3384 1431 3440 et
1474 3376 1715 3441 eodem
1764 3377 2280 3461 archiepiscopo
2322 3380 2700 3444 uenerabili

601 3478 972 3541 Dunstano
1037 3482 1107 3540 et
1160 3475 1501 3541 uniuersis
1551 3478 1893 3560 episcopis
1947 3484 2017 3541 et
2065 3477 2435 3541 baronibus
2500 3479 2696 3557 meiS,

599 3586 879 3641 secutus
923 3576 1315 3658 exemplum
1367 3577 1704 3640 maiorum
1762 3597 2094 3655 meorum,
2153 3577 2512 3653 renouaui,
2575 3578 2696 3641 ad-

598 3677 742 3739 didi
771 3684 842 3739 et
876 3677 1317 3740 corroboraui
1345 3684 1574 3740 cartas
1598 3684 1668 3741 et
1699 3677 2066 3759 priuilegia
2094 3677 2399 3740 eiusdem
2416 3676 2590 3757 loci3
2625 3684 2695 3741 et

597 3776 686 3839 ad
731 3774 1183 3857 apostolicam
1228 3776 1460 3839 sedem
1503 3776 1798 3858 legenda
1843 3784 1913 3841 et
1947 3776 2418 3841 confirmanda
2464 3783 2699 3841 trans-

595 3875 773 3953 misi,
805 3881 1015 3957 atque
1048 3875 1358 3957 legitima
1389 3877 1832 3941 concessione
1865 3878 1936 3940 in
1968 3876 2150 3940 hunc
2193 3877 2473 3940 modum
2523 3877 2693 3941 asti·-

592 3977 834 4060 pulata
895 3977 1153 4058 accepi.
1278 3974 1630 4040 Iohannes
1694 3976 2056 4059 episcopus
2130 3975 2321 4041 urbis
2399 3975 2692 4056 Romae,

662 4123 680 4156 ¹
705 4125 963 4185 Probably
985 4125 1220 4185 meaning
1242 4125 1325 4173 the
1344 4125 1558 4175 Council
1581 4126 1638 4176 of
1656 4126 1864 4176 London
1885 4126 2106 4223 holden
2092 4142 2144 4176 m
2166 4131 2283 4190 971,
2305 4127 2359 4176 in
2376 4126 2461 4177 the
2484 4131 2693 4179 seventh

587 4212 710 4257 year
731 4197 790 4246 of
806 4196 949 4257 Pope
971 4194 1110 4245 John
1135 4195 1293 4245 XIII.
