3044 5019
626 428 715 495 78
1141 440 1482 491 euanuit
1529 438 2211 488 AucmsAxochss.

632 604 956 661 creatura
994 597 1200 661 ualde
1241 598 1426 660 bona
1470 597 1542 660 in
1588 596 1925 679 principio
1968 593 2265 658 formata
2302 593 2735 676 formoseque

632 704 892 773 creata,
951 703 1162 779 atque
1219 697 1531 779 speciose
1587 696 1933 778 plasmata
1991 701 2120 770 est,
2182 712 2394 776 super
2438 701 2510 758 et
2556 693 2738 756 infra

633 796 888 871 caeIOS,
925 802 1068 858 tam
1098 796 1170 858 in
1202 795 1467 878 angelis
1496 814 1707 877 quam
1739 794 1947 857 etiam
1986 794 2058 855 in
2103 792 2519 869 hominibus,
2551 812 2634 855 ac
2664 793 2735 854 in

633 895 1056 958 multimodis
1101 913 1182 957 ac
1219 894 1512 957 diuersis
1557 894 1918 975 speciebus
1957 894 2442 968 iumentorum,
2471 891 2735 954 anima-

633 994 828 1070 lium,
888 994 1205 1076 piscium,
1265 993 1651 1070 uolucrum,
1713 1012 1896 1074 quae
1946 992 2178 1055 omnia
2224 999 2517 1056 naturae
2567 1011 2737 1055 suae

633 1094 789 1156 iura
820 1101 993 1156 nutu
1026 1093 1357 1156 creatoris
1388 1093 1814 1174 persoluant,
1833 1092 1966 1155 nisi
1994 1092 2200 1154 homo
2234 1091 2449 1168 soluS,
2494 1091 2616 1173 qui
2649 1090 2737 1153 ad

635 1192 1005 1274 imaginem
1054 1211 1249 1256 suam
1284 1191 1669 1274 plasmatus
1697 1197 1828 1268 est,
1879 1198 1951 1254 et
1996 1191 2313 1254 omnibus
2357 1190 2739 1277 praelatuS,

636 1299 869 1355 tamen
901 1299 1184 1374 propter
1227 1291 1888 1373 praeuaricationem
1939 1309 2267 1354 corruens
2309 1291 2381 1353 in
2419 1296 2739 1366 mortem,

635 1398 707 1454 et
739 1391 1030 1473 primam
1073 1389 1615 1454 immortalitatis
1655 1389 1906 1453 stolam
1956 1388 2439 1453 miserabiliter
2479 1389 2742 1452 domini

637 1489 1182 1572 contempnendo
1213 1489 1614 1553 mandatum
1639 1489 1889 1551 amisit.
1964 1487 2229 1552 Iccirco
2257 1488 2420 1552 illae
2451 1486 2741 1551 diuitiae

638 1588 995 1669 eligendae
1045 1595 1230 1665 sunt,
1284 1607 1463 1669 quae
1519 1606 1876 1670 nunquam
1924 1586 2278 1670 decipiunt
2346 1587 2739 1664 habentem,

638 1707 766 1751 nec
795 1688 867 1750 in
894 1688 1047 1770 ipsa
1077 1694 1296 1751 morte
1331 1688 1768 1764 amittuntur,
1801 1686 1922 1750 sed
1957 1686 2114 1769 plus
2143 1686 2550 1750 habundant
2575 1687 2740 1749 dum

639 1788 947 1850 cernitur
997 1786 1183 1869 quod
1228 1793 1524 1849 amatur.
1641 1784 2089 1868 Quapropter
2126 1806 2257 1867 ego
2308 1786 2739 1850 Eadwardus

640 1906 767 1949 rex
789 1886 1209 1949 Merciorum
1227 1886 1390 1948 dum
1408 1884 1576 1948 mihi
1604 1904 1725 1948 rex
1759 1893 2082 1949 aeternus
2115 1886 2550 1967 omnipotens
2568 1886 2740 1948 deus

640 1986 1006 2067 terrigenis
1069 1985 1266 2066 regni
1328 1985 1592 2066 absque
1662 1985 1907 2048 merito
1982 1984 2367 2066 portionem
2422 1992 2493 2048 et
2552 1987 2739 2067 aq⁸m

641 2084 1049 2147 contulisset
1112 2082 1418 2164 cogitaui
1472 2089 1555 2146 ut
1616 2083 1865 2147 exinde
1927 2083 2231 2165 aliquam
2286 2091 2553 2166 partem
2613 2103 2740 2166 pro

641 2183 942 2247 remedio
995 2183 1264 2246 animae
1327 2201 1520 2245 meae
1556 2182 1643 2246 ad
1683 2182 2056 2247 utilitatem
2100 2182 2589 2247 aecclesiarum
2633 2183 2744 2247 dei

641 2282 1109 2365 perdonarem.
1218 2281 1520 2345 Proinde
1566 2281 1893 2363 exiguam
1922 2283 2103 2345 ruris
2131 2282 2640 2364 portiunculam
2674 2301 2739 2346 V.

639 2381 907 2445 scilicet
936 2388 1324 2446 manentem
1357 2381 1429 2442 in
1458 2380 1614 2444 loco
1633 2382 1752 2444 ubi
1771 2380 2054 2445 ruriculi
2074 2383 2388 2445 uocitant
2408 2389 2523 2445 aet
2541 2382 2741 2445 lench

642 2501 797 2545 cum
833 2480 1255 2545 conscientia
1289 2480 1675 2562 principum
1708 2499 1790 2545 ac
1823 2481 2074 2545 ducum
2109 2501 2417 2545 meorum
2447 2500 2740 2564 quorum

643 2580 926 2643 nomina
972 2578 1154 2642 infra
1196 2578 1616 2662 perscriptas
1657 2582 2005 2644 annotabo
2055 2601 2181 2663 pro
2231 2601 2353 2663 spe
2402 2601 2741 2663 supernae

645 2678 1215 2742 remunerationis
1235 2679 1322 2741 ad
1351 2679 1755 2743 aecclesiam
1777 2681 2024 2743 beatae
2041 2680 2152 2743 dei
2174 2681 2525 2761 genitricis
2559 2700 2738 2744 sem-

644 2797 903 2861 perque
916 2776 1206 2859 uirginis
1222 2778 1490 2841 Mariae
1501 2798 1682 2861 quae
1692 2778 1983 2843 fundata
1993 2786 2100 2843 est
2109 2780 2181 2842 in
2196 2779 2741 2851 Cronuchamme

642 2878 936 2942 libenter
966 2878 1347 2941 concedens
1380 2878 1675 2942 donabo.
1781 2879 2015 2961 Siquis
2056 2886 2288 2943 autem
2320 2880 2505 2961 quod
2533 2880 2740 2957 absit,

620 2967 1013 3042 'haeredum
1061 2997 1367 3042 meorum
1405 2978 1584 3041 hanc
1620 2978 2059 3043 donationem
2095 2998 2319 3042 meam
2355 2996 2563 3061 quam
2615 3000 2742 3061 pro

643 3078 995 3159 ereptione
1040 3077 1309 3141 a'nimae
1348 3095 1543 3139 meae
1577 3077 1802 3153 trado,
1845 3076 2219 3159 infringere
2258 3096 2469 3141 ausus
2512 3077 2743 3156 fuerit,

642 3174 822 3240 sciat
873 3195 948 3239 se
995 3182 1156 3238 ante
1214 3175 1517 3239 tribunal
1569 3175 1828 3240 Christi
1890 3178 2229 3241 rationem
2287 3177 2740 3255 redditurum,

644 3275 778 3339 nisi
813 3273 1285 3338 satisfactione
1321 3274 1811 3339 emendauerit.
1915 3275 2149 3358 Siquis
2200 3284 2431 3341 autem
2486 3296 2742 3362 augere

642 3373 966 3451 uoluerit,
1002 3381 1258 3455 augeat
1287 3375 1457 3438 deus
1489 3382 1756 3457 partem
1788 3374 1976 3440 illius
2005 3376 2078 3439 in
2109 3383 2296 3439 terra
2334 3376 2739 3441 uiuentium.

644 3474 754 3539 Sit
783 3481 1016 3539 autem
1046 3473 1402 3557 praedicta
1435 3481 1622 3538 terra
1651 3475 1870 3538 libera
1900 3476 1990 3539 ab
2018 3477 2204 3539 omni
2234 3475 2569 3540 mundiali
2598 3497 2741 3540 ser-

645 3574 820 3639 uitio
879 3594 1035 3638 cum
1098 3573 1414 3638 omnibus
1467 3593 1647 3655 quae
1692 3574 1782 3637 ad
1833 3574 2061 3656 ipsum
2112 3574 2341 3638 locum
2402 3575 2743 3657 pertinere

642 3674 1118 3748 dinoscuntur,
1173 3678 1317 3735 tam
1365 3673 1437 3735 in
1487 3672 1758 3756 magnis
1801 3693 2011 3756 quam
2053 3674 2125 3736 in
2173 3672 2457 3738 modicis
2513 3677 2740 3753 rebuS,

644 3772 932 3855 campiS,
963 3769 1264 3853 pascuiS,
1287 3771 1531 3853 pratiS,
1559 3773 2014 3855 diriuatisque
2044 3773 2357 3838 cursibus
2381 3792 2740 3855 aquarum,

643 3878 939 3953 excepto
969 3870 1121 3935 istis
1165 3871 1385 3934 tribus
1422 3872 1885 3954 expeditione,
1932 3872 2164 3955 pontis
2213 3874 2483 3937 arcisue
2515 3875 2739 3939 coedi-

645 3969 986 4035 ficatione.

758 4071 835 4153 ›1‹
881 4069 1034 4151 Ego
1062 4065 1480 4135 Aebelberht
1527 4090 1652 4134 rex
1685 4072 2023 4136 consensi.
2142 4072 2219 4154 ›1‹
2256 4072 2409 4155 Ego
2442 4070 2741 4139 Alhstan
