3044 5019
611 449 700 514 94
1122 464 1465 517 eminus
1513 460 2203 517 ANGLOSAonchE.

719 625 798 706 ›1‹
830 624 983 706 Ego
1017 621 1376 691 AEthelred
1411 642 1536 697 rex
1576 623 2124 689 occidentalium
2169 625 2530 689 Saxonum
2558 646 2719 690 con-

608 724 793 787 sensi
839 733 909 789 et
937 728 1338 808 subscripsi.
1440 725 1517 805 *1⁴
1566 725 1719 807 Ego
1755 725 2024 788 AElfred
2072 726 2287 789 frater
2336 728 2522 808 regis
2557 746 2717 790 con-

608 824 790 887 sensi
837 832 908 888 et
952 827 1350 909 subscripsi.
1454 827 1532 907 ›1‹
1580 826 1732 906 Ego
1769 825 2090 907 Burgred
2137 846 2262 888 rex
2301 825 2719 890 Merciorum

609 926 949 989 consensi.
1053 927 1130 1007 *1⁴
1163 926 1315 1008 Ego
1352 923 1792 990 AEthelsuuiss
1827 926 2071 1007 regina
2106 925 2425 989 consensi
2456 934 2530 989 et
2562 928 2720 990 sub-

609 1024 875 1105 scripsi.
979 1028 1056 1108 *1⁴
1099 1026 1253 1109 Ego
1283 1022 1570 1090 Alhferb
1603 1025 1993 1108 episcopuS.
2111 1027 2188 1107 *1⁴
2220 1025 2373 1108 Ego
2410 1024 2723 1091 Alhhard

610 1124 826 1188 abbas
859 1132 930 1190 et
962 1127 1163 1191 multi
1195 1126 1313 1190 alii
1348 1132 1866 1190 consenserunt.

1453 1419 1880 1488 CCXCIX.

994 1567 1480 1634 BURGRED
1534 1570 1662 1636 OF
1710 1567 2127 1648 MERCIA,
2175 1569 2326 1636 869.

952 1717 1041 1783 IN
1075 1718 1349 1783 nomine
1380 1721 1496 1784 sce
1537 1742 1582 1810 7
1626 1719 2000 1782 indiuiduae
2038 1718 2371 1793 trinitatis
2427 1717 2499 1784 di
2547 1723 2728 1787 scili-

610 1712 847 1971 ffi
878 1828 988 1885 cet
1017 1828 1160 1904 atq:
1195 1819 1309 1883 diii
1339 1820 1441 1882 n'fi
1468 1819 1586 1882 ihu
1619 1817 1739 1906 xiii
1786 1819 2135 1901 fauenteq:
2186 1819 2526 1903 ridenteq:
2567 1842 2721 1903 gra-

880 1921 980 1984 tia
1008 1921 1253 1985 mercis
1281 1920 1356 1983 in
1385 1939 1618 2001 regem
1651 1920 1947 1983 dicatus.
2040 1919 2196 2000 Ego
2242 1920 2546 2001 burgred
2601 1942 2721 1986 nec

608 2021 654 2083 ῖὶ
682 2044 727 2112 7
761 2020 914 2102 Ego
949 2021 1262 2106 aepelsuip
1292 2021 1445 2103 pari
1478 2025 1812 2084 coronata
1846 2026 2138 2082 stemma
2177 2020 2396 2100 regali
2430 2022 2723 2102 anglorii

612 2122 854 2203 regina
892 2167 907 2183 .
940 2140 1095 2184 cum
1168 2139 1510 2185 consensu
1594 2118 1943 2202 lieentiaq:
2021 2125 2418 2183 nostrorum
2486 2122 2721 2184 omniii

611 2222 1022 2303 magnatorii
1054 2222 1478 2285 eclesiastico
1509 2220 1637 2283 sub
1672 2219 1889 2301 grado
1921 2220 2139 2301 sineq:
2161 2219 2523 2283 manentiii
2554 2240 2717 2285 con-

607 2321 1021 2386 donauimus
1050 2321 1384 2386 Wulflafe
1432 2317 1663 2402 aliqua
1712 2319 1978 2383 telluris
2023 2322 2219 2401 parte
2260 2319 2330 2382 id
2359 2328 2393 2374 ÷
2424 2366 2441 2382 .
2476 2337 2544 2383 V.
2575 2340 2721 2384 ma-

610 2422 849 2486 nentifi
897 2422 1014 2484 ubi
1063 2420 1450 2502 appellatur
1498 2439 1590 2482 on
1633 2422 1930 2503 upprope
1977 2441 2029 2505 p
2062 2419 2207 2482 eius
2237 2418 2564 2500 placabili
2597 2441 2716 2503 pe-

610 2521 815 2587 cunio
860 2568 875 2584 .
950 2536 1013 2585 L.
1057 2519 1404 2584 mancusis
1468 2519 1541 2583 in
1603 2538 1770 2582 auro
1833 2566 1849 2584 .
1911 2521 1984 2582 in
2040 2520 2147 2582 ius
2205 2521 2713 2604 possession‘eq:

608 2621 1026 2703 sempiterna
1083 2620 1355 2683 sibimet
1413 2618 1501 2681 ad
1548 2617 1862 2683 habenda
1917 2618 2171 2702 quadiu
2226 2619 2424 2683 uiuat
2458 2668 2475 2684 .
2516 2629 2715 2705 suoq:

609 2719 1056 2804 relinquenda
1085 2720 1296 2783 fratre
1323 2737 1654 2801 germano
1686 2766 1699 2780 .
1733 2719 1993 2784 diutius
2025 2726 2376 2801 superstes
2421 2720 2482 2782 si
2510 2720 2719 2786 fuerit

608 2822 699 2885 ab
730 2821 982 2887 omnib:
1014 2820 1230 2885 liberii
1268 2819 1568 2884 seruitiis
1609 2819 2128 2901 aligenigenarii
2161 2820 2556 2903 exterarfiq:
2599 2870 2614 2885 .
2649 2830 2720 2885 et

606 2922 709 2986 sic
767 2919 955 3009 semp
1010 2922 1133 2986 illa
1185 2922 1257 2985 in
1317 2918 1785 3001 sanguinitate
1840 2927 2127 3002 paterne
2187 2919 2658 3001 generationis
2693 2970 2708 2985 .

604 3042 851 3106 sexuq:
908 3023 1090 3086 uirili
1122 3019 1540 3108 ppetualiter
1568 3020 1902 3084 consistat
1946 3019 2297 3101 adscripta
2333 3068 2348 3084 .
2383 3017 2515 3105 xfis
2549 3042 2618 3104 q:
2652 3020 2720 3084 di

606 3123 789 3186 filius
836 3123 1033 3186 testis
1081 3121 1379 3204 fautorq:
1431 3119 1524 3184 sit
1578 3119 1782 3183 huius
1839 3116 2067 3205 'pcepti
2120 3119 2322 3184 aliter
2370 3139 2511 3183 non
2564 3140 2716 3185 esse

606 3222 938 3287 motandii
971 3268 983 3282 .
1016 3222 1213 3286 cuius
1262 3221 1335 3284 in
1389 3220 1663 3284 nomine
1716 3220 1968 3283 omnib:
2019 3218 2255 3284 saeculi
2308 3222 2713 3302 potestatib:

604 3319 941 3410 ‘p'cipimus
975 3370 990 3386 .
1025 3320 1313 3386 audacia
1363 3339 1502 3383 non
1560 3318 1812 3384 habere
1858 3319 1989 3383 hoc
2031 3317 2151 3405 xpi
2199 3319 2479 3384 decretii
2535 3322 2720 3385 seni-

605 3424 799 3507 oriiq:
847 3423 1118 3487 irritare
1148 3422 1573 3502 destruereq:
1608 3411 1716 3502 q¹a
1749 3468 1763 3483 .
1797 3420 1946 3501 ipse
1973 3416 2017 3506 ii
2065 3418 2336 3501 quenda
2389 3418 2485 3482 di}
2533 3422 2720 3504 sapi-

603 3528 763 3590 ente
798 3514 883 3608 q¹.
915 3523 1175 3588 resistit
1201 3519 1535 3605 potestati
1582 3516 1652 3582 di
1689 3519 2105 3583 ordinationi
2137 3519 2399 3582 resistit
2432 3522 2519 3582 cii
2551 3542 2722 3603 gen-

604 3624 727 3690 tib:
761 3625 910 3688 haec
944 3643 987 3687 a
1015 3622 1104 3687 do
1154 3641 1297 3705 pax
1343 3619 1759 3699 frangentib:
1809 3622 1882 3682 u⁰
1909 3639 2019 3682 uae
2064 3618 2273 3701 sintq:
2307 3622 2724 3686 maranatha

603 3726 675 3789 in
705 3726 813 3789 die
843 3742 1098 3805 magno
1130 3722 1407 3785 aduent:
1444 3716 1560 3779 diii
1609 3725 1654 3791 ζ·

700 3823 1009 3912 {iscripta
1036 3836 1068 3879 ὲ
1094 3819 1141 3883 k
1188 3821 1337 3882 haec
1390 3813 1661 3880 cartula
1714 3820 1759 3887 ζ·
1819 3813 2026 3882 Anno
2077 3817 2440 3881 dominicae
2490 3820 2721 3885 incar-

603 3923 905 3990 nationis
942 3969 957 3985 .
993 3934 1412 3984 ncccmxm.
1507 3914 1708 3980 Indi&
1750 3918 1822 3979 u⁰
1858 3963 1873 3979 .
1911 3920 2017 3981 11⁸.
2066 3917 2390 3998 burgredi
2434 3916 2484 3981 k
2538 3921 2720 4003 regis

598 4043 813 4106 regno
845 4019 1058 4085 XV11'0.
1093 4020 1226 4082 hiis
1280 4015 1509 4081 testib:
1573 4016 2102 4083 consentientib:
2159 4018 2383 4099 quorfi
2437 4021 2723 4084 nomina

597 4128 1110 4207 postponuntur
1163 4127 1209 4194 ζ·

705 4226 784 4307 ›1‹
823 4218 1124 4304 burgred
1155 4235 1278 4282 rex
1314 4214 1382 4276 οξ
