3044 5019
549 426 682 490 424
1060 440 1406 489 CHARTAB
1450 442 2135 491 Aucmsaxochss.

553 597 945 678 largifluam
995 597 1437 662 donationem
1472 600 1837 664 11111111111118
1880 601 1993 663 uel
2038 600 2343 664 minuere
2383 602 2659 665 audeat.

555 697 788 779 Siquis
821 703 1058 760 autem
1087 697 1394 761 minuere
1424 699 1539 763 uel
1569 699 1840 763 auferre
1869 699 2057 782 quod
2101 700 2380 764 domino
2424 701 2660 782 largiti

553 816 797 860 sumus
855 797 1249 860 obstinatus
1310 798 1634 877 uoluerit,
1680 799 1995 863 deleatur
2051 820 2301 864 nomen
2359 800 2511 863 eius
2574 800 2662 863 de

552 896 731 959 libro
792 896 1006 972 uitae,
1072 915 1366 978 reusque
1410 898 1781 962 anathema
1824 906 1987 982 post
2038 899 2306 963 obitum
2362 900 2665 964 aeternis

553 995 820 1058 baratri
858 995 1238 1076 deputatus
1288 997 1647 1075 incendiis,
1684 999 1818 1063 nisi
1866 1017 2023 1061 cum
2077 998 2289 1080 digna
2340 998 2662 1062 satisfac-

557 1094 747 1158 tione
777 1093 1076 1159 deuotus
1111 1096 1605 1161 emendauerit.
1697 1097 1790 1161 Et
1822 1098 1992 1161 haec
2026 1117 2190 1179 pars
2218 1098 2484 1163 telluris
2529 1097 2665 1161 hiis

554 1194 891 1258 limitibus
941 1195 1417 1276 circumgirari
1466 1196 1766 1274 uidetur,
1803 1204 1936 1261 etc.
1963 1204 2035 1260 et
2066 1196 2272 1261 huius
2298 1197 2464 1261 doni
2495 1218 2663 1261 con·

556 1293 1005 1377 stipulatores
1068 1294 1479 1372 extiterunt,
1534 1316 1824 1379 quorum
1887 1296 2171 1360 inferius
2212 1297 2495 1360 nomina
2543 1316 2660 1361 ca-

558 1393 794 1456 raxari
821 1393 1166 1457 uidentur.

668 1495 745 1574 ›1‹
771 1493 924 1574 Ego
942 1493 1224 1574 Eadgar
1245 1514 1367 1558 rex
1388 1496 1768 1579 subscripsi
1794 1499 1871 1578 ›1‹
1889 1544 1905 1560 .
1954 1496 2107 1576 Ego
2121 1496 2537 1559 Dunstanus
2554 1515 2665 1558 ar·

559 1589 1036 1674 chiepiscop'us
1064 1595 1383 1659 consensi
1406 1601 1476 1658 et
1497 1596 1875 1678 subscripsi
1897 1598 2009 1678 >1⁴3
2046 1614 2204 1661 cum
2227 1595 2465 1659 multis
2484 1595 2665 1659 aliis.

1401 1842 1780 1959 „DXJ-KVI
1790 1886 1810 1909 .

1209 2008 1216 2012 >
1297 1965 1745 2046 EADGAR,
1788 1968 1940 2032 966.

898 2090 987 2153 ΙΝ
1021 2091 1295 2154 nomine
1327 2091 1444 2155 d‘fii
1476 2093 1577 2155 nri
1609 2091 1727 2155 iliu
1773 2090 1893 2178 xpi
1937 2090 2377 2156 Saluatorum
2422 2101 2681 2157 cuncta

816 2188 1203 2254 seculorum
1230 2198 1392 2273 patr
1429 2238 2011 2257 ...........
2045 2193 2563 2256 successoribus
2606 2201 2681 2257 et

814 2257 1076 2372 ignotis
1108 2289 1472 2355 heredibus
1501 2291 1980 2374 relinquantur
2001 2300 2072 2355 et
2093 2293 2420 2355 uniuersa
2439 2292 2681 2355 mundi

563 2393 789 2472 gloria
836 2408 1159 2472 supremo
1210 2392 1455 2455 mortis
1501 2391 1734 2455 debito
1783 2391 2045 2454 abolita
2105 2398 2388 2474 repente
2435 2391 2674 2454 termi-

561 2498 788 2555 natur.
898 2488 1169 2553 Idcirco
1214 2489 1531 2572 fugitiuis
1585 2491 2000 2555 caducarum
2052 2512 2278 2555 rerum
2337 2491 2678 2574 possessi·

562 2591 810 2654 onibus
856 2596 926 2652 et
966 2590 1370 2654 transitoria
1414 2592 1889 2655 substantiam
1936 2592 2116 2674 stipe
2160 2593 2563 2654 diuturnum
2607 2599 2679 2654 et

563 2689 820 2771 iugiter
868 2707 1269 2753 mansurum
1314 2690 1634 2755 caelestis
1682 2692 1907 2797 patrie
1956 2693 2293 2773 premium
2348 2691 2482 2754 dno
2534 2691 2674 2753 lar-

561 2790 794 2872 giente
837 2787 1205 2853 lucremur.
1313 2788 1759 2872 Quapropter
1798 2810 1982 2872 ego.
2010 2791 2330 2872 Eadgar.
2376 2810 2504 2854 rex
2549 2808 2674 2852 an-

561 2889 836 2971 glorum
880 2895 1402 2972 ceterarumque
1443 2891 1756 2971 gentium
1804 2891 1877 2954 in
1922 2891 2213 2954 circuitu
2262 2890 2673 2973 persistens-

561 2990 733 3052 tium
763 2987 1111 3071 quoddam
1153 2990 1334 3053 ruris
1371 2990 1757 3071 prediolum
1788 3006 1887 3053 ..x
1922 2989 2185 3054 scilicet
2217 2997 2531 3054 cassatas
2564 2990 2679 3052 cui

561 3089 842 3152 solicole
917 3088 1202 3152 huiusce
1261 3090 1618 3170 prouincie
1677 3090 2030 3170 antiquam
2090 3089 2486 3153 indiderunt
2545 3109 2669 3153 uo-

566 3189 726 3254 cal.
804 3154 1300 3252 ,Niuanham.
1334 3189 1606 3252 cuidam
1641 3198 1954 3253 matrone
1996 3189 2296 3270 ingenue
2330 3209 2464 3272 que
2508 3188 2674 3251 mihi

562 3236 897 3350 affinitate
925 3286 1294 3349 mundialis
1327 3290 1591 3352 cruoris
1632 3290 2003 3353 coniuncta
2044 3296 2151 3353 est
2180 3307 2316 3371 que
2350 3290 2438 3352 ab
2469 3288 2672 3351 istius

559 3387 783 3469 patrie
813 3385 1148 3467 gnosticis
1182 3386 1488 3468 eleganti
1528 3436 1543 3452 .
1571 3388 1868 3470 AElfgifu
1892 3437 1907 3452 .
1941 3389 2284 3470 apellatur
2312 3388 2672 3452 uocamine

558 3507 686 3570 pro
733 3487 1064 3568 obsequio
1109 3486 1257 3552 eius
1311 3488 1757 3552 deuotissimo
1800 3495 2136 3571 perpetua
2179 3487 2475 3569 largitus
2519 3506 2671 3550 sum

559 3586 940 3650 hereditate
974 3593 1054 3649 ut
1087 3588 1236 3669 ipse
1265 3588 1416 3651 uita
1450 3589 1701 3651 comite
1727 3608 1884 3652 cum
1914 3589 2230 3652 omnibus
2263 3587 2672 3650 utensilibus

559 3685 779 3767 pratis
812 3686 1090 3766 pascuis
1143 3686 1338 3749 siluis
1393 3687 1542 3750 uoti
1582 3706 1866 3769 compos
1917 3688 2171 3753 habeat
2214 3695 2286 3751 et
2324 3693 2483 3770 post
2526 3686 2672 3750 uite

562 3801 685 3847 sue
737 3782 1102 3846 terminum
1155 3785 1701 3870 quibuscumque
1750 3788 2051 3852 uoluerit
2098 3787 2556 3853 cleronomis.

623 3902 801 3946 ..m
859 3881 1314 3964 derelinquat.
1442 3886 1548 3950 Sit
1605 3893 1836 3950 autem
1890 3886 2274 3968 predictum
2330 3906 2448 3949 rus
2488 3885 2674 3949 omni

560 3991 829 4047 terrene
876 3983 1233 4046 seruitutis
1296 3984 1464 4065 iugo
1513 3986 1803 4049 liberum
1858 3987 2078 4048 tribus
2131 3984 2465 4067 exceptiS‚
2520 3992 2675 4049 rata

562 4083 883 4146 uidelicet
963 4082 1430 4165 expeditione,
1500 4086 1734 4167 pontis
1813 4086 2081 4149 arcisue
2144 4084 2667 4148 restauratione.

561 4183 635 4245 Si
687 4183 842 4264 quis
883 4183 1099 4263 igitur
1151 4184 1328 4247 hanc
1384 4184 1574 4247 n‘fam
1627 4185 2067 4249 donationem
2117 4185 2185 4249 in
2226 4183 2413 4247 aliud
2464 4202 2674 4264 quam

560 4281 1042 4345 constituimus
1077 4283 1453 4346 transferre
1488 4286 1786 4349 uoluerit
1822 4285 2138 4367 priuatus
2179 4283 2525 4348 consortio
2557 4284 2678 4388 sce
