3044 5019
633 435 722 499 22
1147 449 1493 497 annrAn
1541 448 2224 500 ANGmSAonmAE.

641 606 817 684 duit,
844 605 977 669 nisi
1005 606 1213 687 digne
1242 606 1372 670 deo
1402 614 1474 671 et
1501 606 1893 670 hominibus
1939 605 2521 689 praesumptionis
2573 625 2740 669 suae

643 725 979 772 conamen
1004 707 1369 770 emendare
1408 706 1732 785 uoluerit,
1772 713 1843 772 et
1872 706 2003 769 hoc
2032 707 2233 788 signo
2277 713 2563 770 sanctae
2593 726 2743 770 cru-

646 808 747 871 cis
779 806 1041 871 Christi
1071 807 1459 871 roborando
1487 826 1726 872 omnes
1758 807 2018 889 pariter
2043 806 2625 888 conscripserunt.

761 909 840 989 ›1‹
876 907 1028 989 Ego
1069 905 1484 972 Aetheluulf
1518 906 1649 972 deo
1688 906 2133 989 dispensante
2176 926 2301 970 rex
2333 905 2745 971 Occidenta-

647 1008 819 1075 lium
855 1005 1268 1089 Anglorum,
1298 1007 1477 1072 hanc
1521 1007 1943 1091 praedictam
1988 1007 2612 1071 reconciliationem
2646 1006 2747 1069 fa-

652 1107 882 1171 miliae
913 1105 1175 1173 Christi
1218 1113 1290 1172 et
1336 1107 1782 1172 haereditatis
1813 1104 2345 1183 AethelheaheS,
2374 1114 2445 1171 et
2479 1126 2750 1171 omnem

655 1206 1126 1272 altercationis
1154 1207 1551 1272 conflictum
1583 1207 1703 1289 qui
1726 1207 1908 1271 inter
1940 1226 2014 1271 se
2045 1208 2466 1272 concitatum
2496 1207 2753 1271 habue-

653 1313 842 1384 runt,
888 1307 1204 1373 sedatum
1246 1326 1398 1373 esse
1444 1308 1949 1384 demonstranS‚
1982 1314 2053 1370 et
2093 1306 2226 1371 hoc
2276 1326 2433 1370 cum
2479 1308 2752 1389 sapien·

653 1407 838 1471 tibus
885 1408 1055 1471 meis
1102 1408 1302 1489 signo
1352 1416 1637 1473 sanctae
1674 1407 1897 1471 crucis
1924 1406 2185 1471 Christi
2218 1407 2504 1490 perenni
2548 1407 2751 1471 titulo

650 1504 990 1573 roborabo
1019 1515 1091 1571 et
1117 1508 1493 1585 subscribo,
1511 1527 1802 1590 quorum
1831 1508 2069 1572 subter
2094 1507 2168 1571 in
2197 1506 2478 1571 scedula
2496 1506 2749 1589 liques-

655 1614 824 1670 cunt
850 1607 1213 1671 uocabula.

768 1708 847 1788 ›1‹
889 1707 1042 1788 Ego
1071 1705 1486 1772 Aetheluulf
1504 1708 1653 1772 dux
1698 1708 1826 1772 co'fi
1857 1714 1927 1772 et
1954 1707 2108 1771 sub,
2222 1709 2301 1789 ›1‹
2340 1706 2495 1789 Ego
2527 1705 2754 1789 Cyne-

658 1806 819 1870 nulf
837 1807 961 1870 coii
998 1814 1068 1871 et
1096 1808 1248 1871 sub.
1363 1809 1439 1889 ›1‹
1471 1808 1624 1890 Ego
1657 1806 1938 1888 Lulling
1969 1808 2096 1871 co‘ti
2126 1814 2197 1872 et
2227 1807 2378 1871 sub.
2494 1809 2573 1889 ›1‹
2603 1807 2755 1890 Ego

659 1906 1092 1975 Aethelheah
1138 1907 1265 1972 co'ri
1309 1914 1380 1971 et
1430 1909 1581 1972 sub.
1697 1910 1776 1990 ›1‹
1807 1907 1960 1989 Ego
2018 1905 2452 1974 Aethelheah
2510 1908 2637 1971 coii
2687 1917 2755 1972 et

658 2007 805 2071 sub.
922 2009 1001 2089 ›1‹
1046 2007 1199 2089 Ego
1230 2006 1531 2071 Gishard
1576 2009 1700 2074 ccii
1731 2015 1802 2072 et
1833 2009 1979 2071 sub,

771 2109 850 2189 ›1‹
892 2107 1046 2188 Ego
1094 2106 1431 2172 Ceolnoth
1478 2108 1708 2190 gratia
1750 2108 1860 2171 dei
1903 2106 2473 2190 metropolitanus
2529 2106 2750 2171 archi-

661 2207 848 2289 episc
900 2226 1055 2270 cum
1101 2207 1521 2291 presbyteris
1552 2217 1623 2273 et
1650 2208 1911 2271 familia
1955 2227 2084 2272 sua
2122 2208 2252 2271 hoc
2296 2207 2367 2271 id
2413 2214 2522 2273 est
2554 2207 2755 2290 signo

658 2314 944 2371 sanctae
975 2307 1196 2372 crucis
1228 2307 1488 2371 Christi
1512 2308 1901 2373 roborando
1926 2307 2344 2389 subscripsi..

773 2409 852 2489 ›1‹
886 2406 1040 2487 Ego
1074 2405 1417 2471 Alchhere
1454 2408 1598 2471 dux
1641 2409 1765 2472 coii
1796 2415 1865 2471 et
1897 2409 2049 2471 sub.
2163 2409 2242 2489 ›1‹
2284 2406 2437 2489 Ego
2469 2404 2753 2471 Aethel-

661 2505 822 2571 uulf
840 2506 984 2570 dux
1014 2508 1140 2571 coh
1172 2515 1243 2573 et
1269 2507 1420 2572 sub.
1495 2511 1575 2591 ›1‹
1607 2508 1759 2591 Ego
1790 2507 2191 2573 Freothoric
2218 2507 2349 2572 abb
2372 2511 2499 2572 co‘ri
2518 2515 2589 2572 et
2606 2509 2754 2572 sub,

673 2609 754 2690 ›1‹
796 2606 948 2688 Ego
994 2604 1461 2673 Aethelmund
1507 2610 1636 2673 co'fi
1682 2616 1754 2673 et
1806 2610 1959 2673 sub.
2073 2611 2152 2691 ›1‹
2193 2608 2344 2689 Ego
2383 2607 2756 2674 Aethelred

659 2707 789 2771 co't'i
818 2714 889 2772 et
918 2708 1067 2772 sub.
1180 2710 1259 2790 ›1‹
1301 2708 1454 2791 Ego
1485 2709 1890 2774 Freothoric
1930 2710 2057 2773 co'fi
2104 2716 2175 2773 et
2220 2710 2371 2772 sub.
2486 2711 2565 2791 ›1‹
2606 2709 2759 2790 Ego

661 2808 1020 2874 Denemod
1050 2809 1176 2871 co'fi
1224 2816 1294 2873 et
1332 2809 1482 2873 sub.
1599 2812 1678 2892 ›1‹
1715 2809 1869 2892 Ego
1901 2808 2314 2874 Beornfreth
2348 2809 2474 2873 ccii
2507 2816 2580 2872 et
2607 2810 2758 2873 sub.

654 2909 753 2990 ,ᾧ
781 2906 937 2990 Ego
966 2907 1210 2973 Osfere
1240 2910 1395 2976 co'fi.

765 3006 968 3072 Haec
1005 3017 1171 3075 sunt
1220 3010 1429 3075 etiam
1473 3008 1757 3073 nomina
1806 3009 2108 3074 familiae
2154 3006 2416 3073 Christi
2461 3016 2532 3074 et
2576 3009 2761 3072 illius

661 3107 963 3172 familiae
1013 3116 1128 3173 aet
1174 3108 1662 3186 Folcanstane,
1711 3130 1979 3176 necnon
2031 3117 2147 3174 aet
2194 3110 2506 3174 Dobrum
2552 3117 2762 3191 atque

658 3216 775 3272 aet
809 3207 1126 3290 Liminge
1169 3209 1289 3291 qui
1332 3209 1510 3273 hanc
1555 3210 1967 3276 iurationem
2012 3210 2441 3287 iurauerunt,
2469 3229 2760 3291 quorum

661 3308 943 3372 nomina
969 3310 1208 3372 subter
1235 3308 1681 3376 adnotantur.

774 3408 853 3488 »Β
894 3408 1050 3490 Ego
1079 3407 1285 3474 Abba
1314 3410 1390 3492 p?
1420 3411 1548 3474 ccii
1579 3417 1653 3473 et
1680 3410 1827 3474 sub.
1946 3413 2025 3493 ›1‹
2060 3409 2213 3492 Ego
2245 3409 2653 3474 Brunheard
2686 3408 2763 3492 p?

660 3508 788 3572 co'fi
840 3515 910 3572 et
954 3510 1105 3573 sub.
1220 3511 1299 3591 ›1‹
1343 3510 1495 3592 Ego
1526 3509 1820 3574 Hunred
1864 3510 1943 3592 p?
1972 3511 2098 3579 coh
2127 3517 2198 3573 et
2225 3510 2376 3574 sub.
2491 3510 2570 3590 »Β
2611 3509 2763 3590 Ego

664 3606 999 3691 Hysenob
1029 3610 1108 3691 p'f·
1134 3611 1261 3672 coh
1290 3617 1360 3674 et
1388 3611 1542 3674 sub,
1653 3615 1734 3692 ›1‹
1770 3610 1922 3693 Ego
1952 3610 2354 3693 Uuigmund
2397 3611 2478 3692 p'?
2520 3610 2648 3674 cuii
2693 3615 2763 3672 et

660 3709 812 3772 sub.
927 3711 1006 3791 >1⁴
1036 3709 1189 3791 Ego
1236 3709 1378 3773 Eos
1413 3711 1493 3793 p'i‘
1536 3713 1662 3777 coh
1713 3717 1784 3775 et
1826 3711 1978 3775 sub.
2094 3713 2173 3793 ›1‹
2209 3711 2360 3793 Ego
2389 3708 2758 3792 Degmund

659 3808 740 3892 p'i‘·
788 3809 915 3872 coh
962 3815 1034 3874 et
1084 3810 1237 3873 sub.
1350 3813 1429 3893 ›1‹
1470 3811 1625 3893 Ego
1675 3810 2113 3888 Uuealdhere
2162 3811 2239 3893 p?
2296 3811 2422 3874 co'fi
2482 3817 2554 3874 et
2605 3810 2754 3873 sub.

672 3909 753 3990 ᾧ
788 3908 940 3990 Ego
971 3907 1345 3974 Aethelred
1390 3911 1469 3993 p?
1511 3913 1638 3976 co'fi
1672 3920 1743 3976 et
1771 3913 1922 3975 sub.
2037 3913 2116 3993 ›1‹
2159 3912 2313 3994 Ego
2345 3910 2602 3975 Cichus
2631 3909 2755 3973 coh

660 4014 732 4073 et
757 4009 903 4072 sub.
1019 4011 1098 4091 ›1‹
1137 4010 1288 4091 Ego
1319 4011 1694 4092 Sigemund
1717 4013 1843 4076 co'fi
1875 4019 1947 4076 et
1971 4012 2124 4075 sub.
2241 4014 2317 4094 ›1‹
2349 4011 2503 4092 Ego
2537 4012 2757 4075 Born-

657 4107 805 4172 fred
836 4110 961 4173 coii
990 4116 1060 4172 et
1080 4112 1232 4174 suh.
1346 4113 1425 4193 ›1‹
1456 4111 1608 4194 Ego
1632 4112 1942 4195 Uuynna
1970 4113 2096 4177 coii
2127 4118 2199 4174 et
2227 4112 2378 4175 sub.
2494 4114 2573 4194 ›1‹
2607 4111 2756 4191 Ego

655 4207 1023 4292 Sygeanob
1062 4213 1188 4275 ccii
1233 4219 1305 4275 et
1348 4212 1501 4275 sub.
1615 4213 1694 4293 ›1‹
1732 4212 1883 4295 Ego
1915 4212 2258 4277 Uuihtred
2309 4213 2438 4276 coh
2488 4220 2559 4277 et
2607 4210 2754 4273 suh.
