3044 5019
603 409 737 474 272
1098 424 1240 470 cHA
1252 423 1443 471 R'rAss
1490 420 2173 469 ANGLosAxoMcAE.

616 583 918 646 uitutum
963 580 1397 645 exinanitum
1447 628 1463 644 .
1524 580 1686 645 Sine
1743 580 2281 661 expoeditione.
2313 586 2385 643 et
2437 580 2723 692 pontis,

616 684 885 746 arcisue
961 682 1436 745 instructione.
1581 681 2039 786 Precipioque
2131 681 2204 743 in
2296 680 2569 744 nomine
2661 679 2729 751 di

615 783 869 845 summi
914 789 1059 844 tam
1103 782 1300 845 nobis
1346 747 1742 844 uiuentibus
1788 799 1924 861 qua
1972 778 2110 843 etia
2158 781 2279 861 qui
2323 778 2729 866 xpianitatis

613 883 888 945 nomine
923 888 994 944 et
1027 881 1259 945 diuine
1292 880 1667 961 agnitionis
1698 879 1857 942 fidei
1887 886 2256 943 censentur
2286 880 2489 943 huius
2522 879 2724 942 liber-

610 983 783 1046 tatis
830 988 1100 1045 statuta
1145 948 1251 1043 ad
1275 981 1475 1043 irritu
1529 979 1867 1043 deducere
1918 980 2196 1042 minime
2249 980 2521 1061 quispia
2572 998 2725 1076 pre-

609 1090 866 1145 sumat.
990 1079 1326 1162 Quisquis
1385 1079 1709 1143 beniuola
1770 1087 1998 1142 mente
2070 1098 2293 1142 meam
2357 1078 2727 1143 donatione

610 1181 1035 1264 amplificare
1086 1180 1424 1261 satagerit
1470 1180 1542 1241 in
1603 1179 1731 1242 hoc
1780 1179 2084 1285 presenti
2134 1177 2283 1242 scio
2339 1178 2486 1242 uita
2538 1179 2725 1242 illius

609 1300 950 1364 prospera
999 1279 1288 1342 feliciter
1333 1279 1731 1384 longiturne
1780 1245 1924 1341 uite
1979 1278 2236 1358 gaudia
2287 1285 2546 1342 teneat.
2655 1278 2728 1342 Si

612 1383 768 1464 quis
817 1401 983 1444 uero
1035 1380 1170 1442 atri
1220 1378 1529 1442 demonis
1581 1345 1731 1441 face
1783 1345 2253 1441 inflammatus
2305 1384 2549 1442 contra
2597 1377 2726 1441 hoc

612 1501 805 1543 nrum
867 1480 1219 1542 decretum
1274 1479 1457 1560 quod
1513 1479 1763 1540 neutru
1823 1485 1946 1541 aut
2004 1485 2327 1558 optamus
2380 1476 2492 1540 uel
2545 1478 2724 1540 desi-

612 1581 934 1644 deramus
1000 1578 1381 1641 machinari
1446 1577 1961 1659 infringereque
2031 1576 2292 1659 aliquid
2354 1577 2656 1641 uoluerit
2705 1626 2720 1641 .
2775 1596 2784 1605 ·

613 1679 806 1744 Sciat
866 1698 940 1742 se
1001 1679 1200 1742 trusfi
1266 1678 1395 1740 sub
1454 1677 1710 1740 undam
1756 1676 1962 1758 stigei
2013 1676 2314 1740 fluminis
2364 1683 2575 1759 atque
2641 1679 2724 1740 cii

609 1781 749 1844 illis
784 1778 1098 1842 nefandis
1150 1778 1374 1858 legem
1414 1775 1484 1839 di
1530 1776 2171 1857 blasphemantibus
2216 1778 2288 1839 in
2333 1777 2532 1859 picea
2567 1796 2722 1839 cus-

609 1881 801 1945 todia
871 1887 1049 1943 tetre
1116 1877 1439 1941 tortionis
1514 1877 1986 1958 mancipatum
2046 1923 2064 1939 .
2126 1875 2285 1940 Nisi
2349 1877 2544 1958 prius
2604 1874 2721 1962 ΧΡι

609 1946 1042 2045 coortatione
1105 1977 1503 2058 compulsus
1568 1977 1657 2040 ad
1724 1975 2198 2040 satisfactione
2271 1976 2421 2039 uita
2473 1976 2722 2040 comite

612 2081 1019 2144 festinanter
1047 2077 1460 2159 peruenerit.

716 2178 885 2243 Istis
912 2177 1316 2242 terminibus
1357 2223 1371 2239 .
1408 2183 1541 2239 etc.
1645 2175 1743 2259 Pis
1780 2183 1944 2258 synt
1980 2177 2063 2259 pa
2094 2174 2227 2237 den
2260 2182 2333 2238 to
2368 2182 2721 2239 mearsaet-

612 2281 774 2344 ham
813 2327 828 2344 .
859 2279 1086 2360 pedan
1113 2276 1331 2361 hrycg
1356 2298 1400 2366 7
1425 2283 1517 2339 aet
1554 2275 1702 2339 lace
1728 2278 1859 2359 paet
1890 2275 2182 2357 forraepe
2218 2294 2306 2338 on
2337 2275 2722 2358 punresfeld

614 2384 871 2466 norpan
908 2399 996 2442 an
1029 2377 1168 2440 hid.

716 2479 901 2545 Acta
952 2485 1059 2541 est
1110 2476 1280 2541 haec
1335 2474 1608 2582 prefata
1666 2475 2026 2539 donatio.
2086 2471 2289 2537 Anno
2353 2473 2440 2537 ab
2496 2475 2720 2539 incar-

610 2581 895 2645 natione
926 2578 1063 2641 diii.
1100 2578 1223 2640 nri.
1263 2574 1382 2639 ihu
1415 2542 2060 2661 xpi.nccccx1.vl1.
2102 2574 2620 2639 Indictioneflv

723 2683 801 2762 ›1‹
832 2679 983 2759 Ego
1039 2677 1374 2741 eadredus
1424 2696 1551 2739 rex
1602 2676 1893 2757 anglorii
1953 2674 2294 2782 prefatam
2348 2673 2719 2739 donatione

611 2783 741 2846 sub
774 2778 1003 2861 sigillo
1036 2780 1151 2841 siie
1180 2778 1403 2841 crucis
1436 2778 1514 2857 ›1‹
1543 2742 2121 2839 indeclinabiliter
2149 2774 2466 2838 consensi
2512 2782 2719 2857 atque

610 2881 957 2946 roboraui.
2191 2923 2195 2928 .

720 2985 798 3064 ›1‹
840 2980 992 3062 Ego
1060 2977 1339 3058 eadgifu
1418 2975 1726 3039 eiusdem
1790 2975 1974 3056 regis
2044 2981 2266 3036 mater
2335 2974 2720 3080 predictum

613 3083 873 3145 donum
906 3099 1063 3143 cum
1096 3077 1328 3159 sigillo
1363 3079 1478 3139 sce
1508 3076 1732 3139 crucis
1777 3076 1855 3155 ›1‹
1903 3074 2329 3138 confirmaui.

723 3183 801 3262 ›1‹
837 3181 989 3262 Ego
1029 3179 1165 3241 oda
1214 3143 1740 3241 dorobernensis
1790 3173 2000 3238 aeccle
2052 3169 2364 3258 archieps
2414 3173 2721 3236 eiusdem

611 3282 795 3362 regis
858 3278 1252 3361 principati]
1328 3284 1399 3340 et
1465 3241 2008 3340 beniuolentiam
2080 3293 2235 3337 cum
2310 3272 2544 3353 sigillo
2610 3290 2733 3336 sce.

614 3380 836 3446 crucis
870 3381 948 3460 ›1‹
983 3377 1312 3441 conclusi.

724 3481 802 3560 >1⁴
837 3479 990 3561 Ego
1025 3477 1436 3542 wulfstanus
1481 3473 1775 3539 archons
1822 3473 2054 3536 diuine
2097 3472 2454 3536 seruitutis
2501 3470 2722 3534 officio

613 3580 1047 3661 mancipatus
1120 3579 1410 3641 eborace
1472 3575 1778 3640 ciuitatis
1843 3540 2154 3660 archieps
2231 3571 2540 3652 sigillum
2610 3573 2724 3634 sce

618 3681 842 3744 crucis
882 3679 960 3758 >1⁴
1007 3677 1346 3759 impressi.

728 3782 806 3861 ›1‹
842 3779 994 3860 Ego
1025 3776 1311 3863 beodred
1352 3775 1828 3838 lundoniensis
1860 3770 2071 3836 aeccle
2105 3769 2222 3857 eps
2256 3770 2721 3834 corroboraui.

720 3880 872 3960 Ego
927 3875 1227 3941 aelfheah
1262 3876 1735 3939 wintaniensis
1783 3871 1993 3937 aeccie
2027 3838 2144 3957 eps
2167 3869 2581 3934 testudinem
2610 3871 2722 3932 sce

617 3980 840 4046 crucis
884 3980 962 4059 ›1‹
1008 3976 1382 4057 subscripsi
1418 3981 1489 4037 et
1516 3939 1986 4038 confirmaui.

728 4082 806 4161 ›1‹
842 4078 996 4158 Ego
1031 4076 1341 4140 cenwald
1369 4071 1488 4159 eps
1516 4073 1856 4137 consensi.
2000 4073 2078 4152 ›1‹
2108 4068 2483 4153 aepelmund
2519 4069 2688 4136 duX.

727 4182 805 4261 ›1‹
840 4178 992 4258 Ego
1027 4174 1242 4239 aelfric
1273 4172 1390 4260 eps
1422 4173 1849 4253 consignaui.
2004 4172 2082 4251 ›1‹
2113 4167 2358 4248 aelfgar
2388 4168 2559 4231 dux.
