3044 5019
887 440 1229 491 anR'rAn
1270 440 1957 492 AncmsAxomoAn.
2096 511 2103 517 .
2328 431 2417 496 73

325 596 759 682 dryhtwaldo
811 598 1126 663 ministro
1171 618 1327 663 meo
1382 596 1564 662 dabo
1612 606 1685 663 et
1735 598 2038 663 concedo
2099 599 2416 684 aliquan-

321 697 539 761 tulum
575 698 735 780 agri
764 696 833 762 id
863 721 907 762 ι
942 718 1036 762 ..x
1071 705 1459 767 aratrorum
1501 696 1575 760 in
1607 665 1763 762 loco
1802 698 1922 761 ubi
1951 696 2034 762 dr
2060 699 2418 784 bromleag

324 796 412 859 ud
442 796 717 861 hauead
750 805 820 861 et
863 798 1169 879 perfruet
1209 799 1360 861 uita
1397 797 1648 861 comite
1689 805 1761 862 et
1791 805 1953 880 post
1986 798 2180 863 obitii
2212 820 2415 865 suum

324 895 668 979 qualiciiq:
702 895 938 960 heredi
980 896 1164 960 sicut
1211 896 1314 960 illi
1345 896 1699 979 placatum
1730 896 1940 961 fuerit
1968 897 2362 981 relinquat
2342 919 2416 964 ιιι

317 993 773 1060 hereditatem
836 995 1347 1078 sempiternam,
1415 994 1696 1078 Hancq:
1773 994 2164 1061 liuertatem
2224 996 2416 1085 βιαιο

324 1093 633 1159 ministro
667 1115 824 1159 meo
856 1094 930 1158 in
950 1093 1186 1158 eadem
1215 1090 1616 1180 pnominato
1646 1093 1874 1176 agello
1907 1095 2161 1160 denoto
2187 1105 2415 1163 mente

325 1191 572 1267 donaui
607 1201 692 1257 ιιι
724 1193 959 1259 οιιιιιιῐι
990 1193 1328 1274 regalium
1361 1192 1698 1258 tributum
1732 1199 1805 1255 et
1836 1196 2171 1261 exactoru
2202 1215 2415 1278 operu

323 1298 390 1355 et
437 1292 824 1398 penam
858 1311 1156 1359 causaru
1217 1291 1662 1356 aeternaliter
1728 1290 2036 1357 liberabo
2098 1294 2283 1358 notis
2345 1304 2416 1361 et

322 1359 573 1470 ignotis
635 1392 923 1457 maioris
985 1390 1271 1456 minoris
1330 1390 1401 1455 id
1452 1414 1498 1455 -ι
1550 1389 1794 1473 pratis,
1852 1393 2131 1473 pascuis
2190 1394 2415 1474 siluis,

324 1488 648 1556 fluminib:
718 1491 963 1555 fontib:
969 1510 1057 1554 ue
1099 1491 1410 1572 exceptis
1470 1489 1693 1554 tribus
1736 1492 2142 1556 necessariis
2185 1494 2415 1559 causis

323 1590 762 1670 expeditione
813 1597 885 1654 et
947 1590 1127 1654 arcis
1175 1590 1477 1672 pontisq:
1537 1589 2046 1654 constructione
2095 1612 2278 1657 nunc
2342 1602 2413 1659 et

323 1686 636 1772 deinceps
666 1711 722 1776 p
752 1708 864 1752 me
895 1696 967 1753 et
996 1711 1049 1777 p
1078 1689 1309 1752 anima
1351 1707 1508 1752 mea
1552 1689 1883 1753 liberabo.
1989 1689 2150 1755 Hoc
2181 1691 2408 1776 ipsiiq:

323 1789 566 1853 omnib:
603 1788 1061 1855 successorib:
1116 1786 1312 1864 ιιιοιε,
1364 1787 1580 1869 regib:
1616 1786 1977 1870 principib:
2018 1808 2141 1853 seu
2181 1791 2410 1855 cuius-

321 1884 483 1951 libet
522 1888 765 1975 psonis
807 1886 839 1950 ι
881 1887 1243 1969 dignitatis
1281 1887 1608 1951 hominib:
1662 1887 1735 1950 ιιι
1782 1887 2058 1952 nomine
2105 1885 2415 1972 omnipo?

323 1982 388 2047 di
438 1988 814 2052 obseruare
859 1983 1087 2074 {Scipio
1135 1985 1196 2050 si
1244 1988 1319 2049 u⁰
1351 2013 1409 2077 q⁵
1446 1987 1490 2048 'fi
1558 1991 1882 2068 optamus
1944 1987 2197 2071 aliquis
2261 1989 2409 2055 dia-

323 2084 539 2150 bolica
593 2086 975 2168 instigatus
1027 2084 1406 2168 cupiditate
1466 2085 1919 2151 insurrexerit
1966 2088 2087 2170 qui
2130 2086 2260 2152 hoc
2304 2091 2410 2154 in-

324 2181 610 2265 fringere
672 2192 799 2249 aut
854 2185 1197 2249 inmutare
1253 2185 1699 2267 temptaberit
1743 2183 1920 2250 sciat
1967 2206 2042 2250 se
2072 2186 2409 2254 rationem

323 2301 465 2346 esse
495 2284 857 2349 redditurii
886 2284 959 2348 in
1014 2284 1125 2348 die
1163 2282 1401 2347 iudicii
1438 2291 1601 2348 ante
1639 2284 1944 2349 tribunal
1993 2285 2255 2349 aeterni
2301 2289 2407 2352 iu-

321 2380 482 2446 dicis
531 2384 673 2449 nisi
728 2384 921 2467 prius
970 2383 1177 2466 digne
1213 2382 1707 2462 emendauerit,
1755 2382 1904 2448 haec
1943 2392 2108 2449 sunt
2158 2386 2409 2451 etenim

321 2482 582 2549 termini
649 2481 863 2572 pdicti
923 2482 1134 2567 agelli
1194 2481 1699 2549 circuiacentia.
1802 2480 1918 2549 An
1982 2482 2241 2578 norban
2308 2486 2412 2553 fra

320 2581 779 2666 ceddanleage
840 2591 915 2648 to
975 2581 1434 2665 langanleage
1493 2583 2017 2667 bromleaginga
2077 2605 2308 2650 mearc
2365 2611 2410 2680 7

319 2679 676 2747 liofshema
721 2681 943 2746 banne
991 2682 1168 2746 fram
1206 2682 1664 2765 langanleage
1718 2690 1794 2748 ιο
1834 2681 1990 2747 bam
2024 2684 2409 2751 wo‘nstocce

317 2776 526 2847 banne
586 2782 770 2846 fram
827 2780 983 2846 bam
1021 2782 1404 2846 wo'nstocce
1454 2782 1541 2846 be
1578 2781 2107 2863 modingahema
2136 2803 2409 2850 mearce

319 2884 387 2942 to
419 2882 609 2947 cinta
640 2881 938 2965 stiogole
964 2879 1186 2945 banne
1218 2879 1395 2943 fram
1416 2881 1606 2945 cinta
1638 2879 1933 2963 stiogole
1966 2883 2052 2945 be
2081 2881 2410 2964 modinga

318 2975 507 3044 hema
571 3000 848 3046 mearce
904 2988 978 3045 to
1030 2999 1273 3066 earnes
1334 2979 1577 3045 beame
1636 2979 1857 3044 banne
1922 2979 2100 3043 fram
2163 2998 2406 3047 earnes

320 3076 548 3143 beame
583 3088 952 3162 cregsetna
983 3078 1169 3161 haga
1203 3098 1294 3142 an
1338 3087 1490 3144 east
1540 3078 1725 3143 halfe
1768 3078 1928 3143 sced
1968 3077 2072 3143 hit
2105 3086 2178 3144 to
2208 3078 2403 3146 liow-

320 3178 615 3243 sandene
645 3177 867 3243 banne
914 3178 1091 3243 fram
1141 3178 1606 3243 liowsandene
1641 3185 1714 3242 to
1763 3179 2154 3261 swelgende
2183 3175 2404 3254 banne

311 3273 483 3340 fram
516 3278 914 3358 swelgende
962 3285 1325 3360 cregsetna
1381 3276 1569 3359 haga
1616 3285 1691 3342 to
1737 3277 2137 3345 sioxslihtre
2181 3276 2405 3346 banne

207 3423 210 3424 ν
320 3373 483 3439 fram
527 3377 934 3442 sioxslihtre
980 3385 1055 3443 to
1108 3377 1671 3459 fearnbiorginga
1712 3397 1981 3443 mearce
2024 3378 2404 3446 fearnbior-

311 3474 522 3558 -ginga
552 3496 789 3541 mearc
821 3477 926 3542 hit
954 3478 1116 3541 sced
1150 3483 1224 3541 to
1257 3476 1669 3559 cystaninga
1696 3496 1964 3541 mearce
1995 3477 2405 3563 cy'staninga

320 3589 537 3640 mearc
568 3575 677 3639 hit
722 3577 884 3640 sced
917 3575 1133 3640 suban
1184 3576 1491 3640 toweard
1526 3575 1699 3640 setle
1731 3573 1952 3640 banne
1991 3575 2403 3644 framweard

321 3673 481 3738 setle
515 3675 930 3758 cystaninga
976 3695 1207 3739 mearc
1252 3682 1324 3739 to
1359 3674 1716 3740 wichaema
1746 3692 2018 3740 mearce
2045 3674 2268 3742 banne
2296 3680 2402 3745 sio

313 3780 482 3837 west
497 3792 731 3837 mearc
761 3775 847 3838 be
866 3774 1197 3839 wichema
1224 3792 1493 3839 mearce
1514 3782 1595 3839 ut
1619 3782 1693 3838 to
1718 3742 2153 3884 bipplestyde
2180 3775 2402 3845 banne

319 3867 483 3936 fram
536 3872 978 3981 bipplestyde
1035 3881 1109 3939 to
1152 3842 1486 3982 acustyde
1536 3882 1610 3939 to
1646 3843 2146 3941 biohahhema
2130 3897 2403 3945 mearce

319 3967 482 4035 fram
516 3972 855 4055 acustyde
886 3941 969 4037 to
989 3941 1477 4055 ceddanleage

409 4068 629 4138 banne
662 4071 1005 4156 belimpob
1035 4071 1155 4137 ber
1187 4080 1261 4142 to
1289 4070 1445 4138 bam
1476 4073 1682 4139 londe
1709 4073 1795 4138 fis
1827 4073 2008 4138 denn
2043 4093 2132 4137 an
2169 4092 2258 4136 an
2291 4083 2401 4138 ut-
