<?xml version="1.0" encoding="UTF-8"?>
<!DOCTYPE html PUBLIC "-//W3C//DTD XHTML 1.0 Transitional//EN"
    "http://www.w3.org/TR/xhtml1/DTD/xhtml1-transitional.dtd">
<html xmlns="http://www.w3.org/1999/xhtml" xml:lang="en" lang="en">
 <head>
  <title>
</title>
<meta http-equiv="Content-Type" content="text/html;charset=utf-8" />
  <meta name='ocr-system' content='tesseract 3.04.00' />
  <meta name='ocr-capabilities' content='ocr_page ocr_carea ocr_par ocr_line ocrx_word'/>
</head>
<body>
  <div class='ocr_page' id='page_1' title='image "./codexdiplomatic05kembgoog_0358.png"; bbox 0 0 3044 5019; ppageno 0'>
   <div class='ocr_carea' id='block_1_1' title="bbox 578 434 2141 501">
    <p class='ocr_par' dir='ltr' id='par_1_1' title="bbox 578 434 2141 501">
     <span class='ocr_line' id='line_1_1' title="bbox 578 434 2141 501; baseline 0.002 -3"><span class='ocrx_word' id='word_1_1' title='bbox 578 434 713 498; x_wconf 78' lang='lat'><strong>302</strong></span> <span class='ocrx_word' id='word_1_2' title='bbox 1068 452 1413 500; x_wconf 57' lang='lat' dir='ltr'><strong>cunnus</strong></span> <span class='ocrx_word' id='word_1_3' title='bbox 1459 452 2141 501; x_wconf 75' lang='lat' dir='ltr'><strong>ANGLOSAXONIGAE.</strong></span> 
     </span>
    </p>
   </div>
   <div class='ocr_carea' id='block_1_2' title="bbox 1324 704 1963 933">
    <p class='ocr_par' dir='ltr' id='par_1_2' title="bbox 1324 704 1963 933">
     <span class='ocr_line' id='line_1_2' title="bbox 1356 704 1922 772; baseline -0.004 0"><span class='ocrx_word' id='word_1_4' title='bbox 1356 704 1922 772; x_wconf 82' lang='lat' dir='ltr'><strong>ccccxxxl.</strong></span> 
     </span>
     <span class='ocr_line' id='line_1_3' title="bbox 1324 830 1963 933; baseline -0.002 -14"><span class='ocrx_word' id='word_1_5' title='bbox 1324 830 1765 933; x_wconf 74' lang='grc' dir='ltr'><strong>ΕᾸΒΒΕΒ,</strong></span> <span class='ocrx_word' id='word_1_6' title='bbox 1811 854 1963 919; x_wconf 79' lang='lat'><strong>952.</strong></span> 
     </span>
    </p>
   </div>
   <div class='ocr_carea' id='block_1_3' title="bbox 546 1003 2683 4278">
    <p class='ocr_par' dir='ltr' id='par_1_3' title="bbox 558 1003 2683 3180">
     <span class='ocr_line' id='line_1_4' title="bbox 694 1003 2683 1086; baseline -0.001 -17"><span class='ocrx_word' id='word_1_7' title='bbox 694 1006 770 1085; x_wconf 98' lang='grc'>»14</span> <span class='ocrx_word' id='word_1_8' title='bbox 804 1004 1068 1069; x_wconf 86' lang='lat' dir='ltr'><strong>MUNm</strong></span> <span class='ocrx_word' id='word_1_9' title='bbox 1125 1004 1330 1068; x_wconf 92' lang='lat' dir='ltr'><strong>huius</strong></span> <span class='ocrx_word' id='word_1_10' title='bbox 1386 1004 1780 1068; x_wconf 91' lang='lat' dir='ltr'><strong>labentibus</strong></span> <span class='ocrx_word' id='word_1_11' title='bbox 1830 1003 2280 1086; x_wconf 85' lang='lat' dir='ltr'><strong>temporibus,</strong></span> <span class='ocrx_word' id='word_1_12' title='bbox 2330 1021 2683 1085; x_wconf 83' lang='lat' dir='ltr'><strong>regnaque</strong></span> 
     </span>
     <span class='ocr_line' id='line_1_5' title="bbox 574 1103 2679 1185; baseline 0 -19"><span class='ocrx_word' id='word_1_13' title='bbox 574 1103 795 1168; x_wconf 84' lang='lat' dir='ltr'><strong>suncti</strong></span> <span class='ocrx_word' id='word_1_14' title='bbox 853 1123 1009 1167; x_wconf 89' lang='lat' dir='ltr'><strong>cum</strong></span> <span class='ocrx_word' id='word_1_15' title='bbox 1064 1105 1342 1185; x_wconf 83' lang='lat' dir='ltr'><strong>regibus</strong></span> <span class='ocrx_word' id='word_1_16' title='bbox 1397 1103 1833 1167; x_wconf 90' lang='lat' dir='ltr'><strong>uelocissimo</strong></span> <span class='ocrx_word' id='word_1_17' title='bbox 1885 1103 2404 1167; x_wconf 88' lang='lat' dir='ltr'><strong>transeuntibus</strong></span> <span class='ocrx_word' id='word_1_18' title='bbox 2449 1122 2679 1181; x_wconf 91' lang='lat' dir='ltr'><strong>cursu,</strong></span> 
     </span>
     <span class='ocr_line' id='line_1_6' title="bbox 574 1202 2682 1287; baseline 0.001 -22"><span class='ocrx_word' id='word_1_19' title='bbox 574 1204 735 1267; x_wconf 91' lang='lat' dir='ltr'><strong>licet</strong></span> <span class='ocrx_word' id='word_1_20' title='bbox 767 1212 952 1268; x_wconf 88' lang='lat' dir='ltr'><strong>stare</strong></span> <span class='ocrx_word' id='word_1_21' title='bbox 979 1204 1265 1267; x_wconf 86' lang='lat' dir='ltr'><strong>firmiter</strong></span> <span class='ocrx_word' id='word_1_22' title='bbox 1290 1223 1334 1266; x_wconf 90' lang='lat' dir='ltr'><strong>a</strong></span> <span class='ocrx_word' id='word_1_23' title='bbox 1364 1203 1592 1287; x_wconf 90' lang='lat' dir='ltr'><strong>priore</strong></span> <span class='ocrx_word' id='word_1_24' title='bbox 1624 1204 1911 1267; x_wconf 89' lang='lat' dir='ltr'><strong>firmiter</strong></span> <span class='ocrx_word' id='word_1_25' title='bbox 1939 1210 2130 1267; x_wconf 90' lang='lat' dir='ltr'><strong>statu</strong></span> <span class='ocrx_word' id='word_1_26' title='bbox 2171 1202 2512 1278; x_wconf 87' lang='lat' dir='ltr'><strong>uideatur,</strong></span> <span class='ocrx_word' id='word_1_27' title='bbox 2546 1203 2682 1267; x_wconf 88' lang='lat' dir='ltr'><strong>cito</strong></span> 
     </span>
     <span class='ocr_line' id='line_1_7' title="bbox 574 1301 2681 1389; baseline 0 -25"><span class='ocrx_word' id='word_1_28' title='bbox 574 1302 715 1367; x_wconf 88' lang='lat' dir='ltr'><strong>labi</strong></span> <span class='ocrx_word' id='word_1_29' title='bbox 756 1304 927 1367; x_wconf 90' lang='lat' dir='ltr'><strong>nulli</strong></span> <span class='ocrx_word' id='word_1_30' title='bbox 968 1303 1265 1386; x_wconf 87' lang='lat' dir='ltr'><strong>sapienti</strong></span> <span class='ocrx_word' id='word_1_31' title='bbox 1308 1304 1624 1384; x_wconf 80' lang='lat' dir='ltr'><strong>ignotum</strong></span> <span class='ocrx_word' id='word_1_32' title='bbox 1659 1309 1789 1379; x_wconf 91' lang='lat' dir='ltr'><strong>est,</strong></span> <span class='ocrx_word' id='word_1_33' title='bbox 1825 1311 1896 1389; x_wconf 93' lang='lat' dir='ltr'><strong>et</strong></span> <span class='ocrx_word' id='word_1_34' title='bbox 1927 1301 2183 1384; x_wconf 83' lang='lat' dir='ltr'><strong>gaudia</strong></span> <span class='ocrx_word' id='word_1_35' title='bbox 2221 1302 2332 1364; x_wconf 91' lang='lat' dir='ltr'><strong>hic</strong></span> <span class='ocrx_word' id='word_1_36' title='bbox 2373 1301 2681 1365; x_wconf 88' lang='lat' dir='ltr'><strong>fallentis</strong></span> 
     </span>
     <span class='ocr_line' id='line_1_8' title="bbox 577 1401 2681 1484; baseline 0.001 -20"><span class='ocrx_word' id='word_1_37' title='bbox 577 1403 766 1466; x_wconf 92' lang='lat' dir='ltr'><strong>uitae</strong></span> <span class='ocrx_word' id='word_1_38' title='bbox 799 1404 1207 1483; x_wconf 86' lang='lat' dir='ltr'><strong>quatiuntur</strong></span> <span class='ocrx_word' id='word_1_39' title='bbox 1249 1422 1330 1466; x_wconf 89' lang='lat' dir='ltr'><strong>ac</strong></span> <span class='ocrx_word' id='word_1_40' title='bbox 1376 1402 1820 1484; x_wconf 84' lang='lat' dir='ltr'><strong>dissipantur.</strong></span> <span class='ocrx_word' id='word_1_41' title='bbox 1927 1401 2156 1481; x_wconf 85' lang='lat' dir='ltr'><strong>Quam</strong></span> <span class='ocrx_word' id='word_1_42' title='bbox 2213 1402 2301 1465; x_wconf 90' lang='lat' dir='ltr'><strong>ob</strong></span> <span class='ocrx_word' id='word_1_43' title='bbox 2351 1421 2496 1464; x_wconf 91' lang='lat' dir='ltr'><strong>rem</strong></span> <span class='ocrx_word' id='word_1_44' title='bbox 2552 1422 2681 1483; x_wconf 87' lang='lat' dir='ltr'><strong>ego</strong></span> 
     </span>
     <span class='ocr_line' id='line_1_9' title="bbox 574 1501 2674 1583; baseline 0 -20"><span class='ocrx_word' id='word_1_45' title='bbox 574 1501 872 1579; x_wconf 90' lang='lat' dir='ltr'><strong>Eadred,</strong></span> <span class='ocrx_word' id='word_1_46' title='bbox 913 1522 1037 1566; x_wconf 85' lang='lat' dir='ltr'><strong>rex</strong></span> <span class='ocrx_word' id='word_1_47' title='bbox 1082 1501 1490 1583; x_wconf 85' lang='lat' dir='ltr'><strong>Anglorum,</strong></span> <span class='ocrx_word' id='word_1_48' title='bbox 1539 1502 1887 1583; x_wconf 87' lang='lat' dir='ltr'><strong>quandam</strong></span> <span class='ocrx_word' id='word_1_49' title='bbox 1926 1502 2193 1566; x_wconf 89' lang='lat' dir='ltr'><strong>telluris</strong></span> <span class='ocrx_word' id='word_1_50' title='bbox 2240 1501 2674 1583; x_wconf 80' lang='lat' dir='ltr'><strong>particulam,</strong></span> 
     </span>
     <span class='ocr_line' id='line_1_10' title="bbox 575 1601 2677 1683; baseline 0 -19"><span class='ocrx_word' id='word_1_51' title='bbox 575 1602 784 1664; x_wconf 91' lang='lat' dir='ltr'><strong>trium</strong></span> <span class='ocrx_word' id='word_1_52' title='bbox 816 1601 1136 1666; x_wconf 88' lang='lat' dir='ltr'><strong>uidelicet</strong></span> <span class='ocrx_word' id='word_1_53' title='bbox 1170 1609 1623 1678; x_wconf 83' lang='lat' dir='ltr'><strong>cassatorum,</strong></span> <span class='ocrx_word' id='word_1_54' title='bbox 1663 1602 1784 1665; x_wconf 93' lang='lat' dir='ltr'><strong>illo</strong></span> <span class='ocrx_word' id='word_1_55' title='bbox 1828 1603 1903 1664; x_wconf 91' lang='lat' dir='ltr'><strong>in</strong></span> <span class='ocrx_word' id='word_1_56' title='bbox 1942 1603 2094 1666; x_wconf 85' lang='lat' dir='ltr'><strong>loco</strong></span> <span class='ocrx_word' id='word_1_57' title='bbox 2127 1602 2246 1683; x_wconf 92' lang='lat' dir='ltr'><strong>qui</strong></span> <span class='ocrx_word' id='word_1_58' title='bbox 2286 1620 2328 1663; x_wconf 88' lang='lat' dir='ltr'><strong>a</strong></span> <span class='ocrx_word' id='word_1_59' title='bbox 2363 1601 2677 1665; x_wconf 87' lang='lat' dir='ltr'><strong>ruricolis</strong></span> 
     </span>
     <span class='ocr_line' id='line_1_11' title="bbox 574 1700 2676 1783; baseline -0.001 -19"><span class='ocrx_word' id='word_1_60' title='bbox 574 1708 742 1765; x_wconf 90' lang='lat' dir='ltr'><strong>noto</strong></span> <span class='ocrx_word' id='word_1_61' title='bbox 780 1701 1163 1766; x_wconf 88' lang='lat' dir='ltr'><strong>Beorcham</strong></span> <span class='ocrx_word' id='word_1_62' title='bbox 1208 1702 1601 1783; x_wconf 90' lang='lat' dir='ltr'><strong>appellatur</strong></span> <span class='ocrx_word' id='word_1_63' title='bbox 1640 1702 2002 1779; x_wconf 88' lang='lat' dir='ltr'><strong>uocabulo,</strong></span> <span class='ocrx_word' id='word_1_64' title='bbox 2048 1700 2321 1765; x_wconf 89' lang='lat' dir='ltr'><strong>cuidam</strong></span> <span class='ocrx_word' id='word_1_65' title='bbox 2370 1700 2676 1763; x_wconf 88' lang='lat' dir='ltr'><strong>uassallo</strong></span> 
     </span>
     <span class='ocr_line' id='line_1_12' title="bbox 571 1799 2675 1885; baseline 0 -21"><span class='ocrx_word' id='word_1_66' title='bbox 571 1801 692 1882; x_wconf 92' lang='lat' dir='ltr'><strong>qui</strong></span> <span class='ocrx_word' id='word_1_67' title='bbox 720 1820 762 1864; x_wconf 89' lang='lat' dir='ltr'><strong>a</strong></span> <span class='ocrx_word' id='word_1_68' title='bbox 794 1802 1126 1883; x_wconf 84' lang='lat' dir='ltr'><strong>gnosticis</strong></span> <span class='ocrx_word' id='word_1_69' title='bbox 1148 1801 1475 1865; x_wconf 85' lang='lat' dir='ltr'><strong>AElfwine</strong></span> <span class='ocrx_word' id='word_1_70' title='bbox 1506 1809 1945 1885; x_wconf 87' lang='lat' dir='ltr'><strong>nuncupatur</strong></span> <span class='ocrx_word' id='word_1_71' title='bbox 1962 1801 2326 1877; x_wconf 90' lang='lat' dir='ltr'><strong>uocabulo,</strong></span> <span class='ocrx_word' id='word_1_72' title='bbox 2358 1801 2445 1863; x_wconf 91' lang='lat' dir='ltr'><strong>ob</strong></span> <span class='ocrx_word' id='word_1_73' title='bbox 2477 1799 2675 1864; x_wconf 88' lang='lat' dir='ltr'><strong>fidele</strong></span> 
     </span>
     <span class='ocr_line' id='line_1_13' title="bbox 569 1899 2674 1983; baseline 0 -20"><span class='ocrx_word' id='word_1_74' title='bbox 569 1901 716 1964; x_wconf 92' lang='lat' dir='ltr'><strong>eius</strong></span> <span class='ocrx_word' id='word_1_75' title='bbox 740 1902 1143 1983; x_wconf 86' lang='lat' dir='ltr'><strong>obsequium</strong></span> <span class='ocrx_word' id='word_1_76' title='bbox 1187 1907 1525 1983; x_wconf 90' lang='lat' dir='ltr'><strong>perpetua</strong></span> <span class='ocrx_word' id='word_1_77' title='bbox 1563 1901 1857 1982; x_wconf 83' lang='lat' dir='ltr'><strong>largitus</strong></span> <span class='ocrx_word' id='word_1_78' title='bbox 1901 1920 2053 1964; x_wconf 92' lang='lat' dir='ltr'><strong>sum</strong></span> <span class='ocrx_word' id='word_1_79' title='bbox 2083 1899 2548 1977; x_wconf 88' lang='lat' dir='ltr'><strong>haereditate;</strong></span> <span class='ocrx_word' id='word_1_80' title='bbox 2596 1908 2674 1964; x_wconf 93' lang='lat' dir='ltr'><strong>ut</strong></span> 
     </span>
     <span class='ocr_line' id='line_1_14' title="bbox 568 2000 2671 2082; baseline 0 -21"><span class='ocrx_word' id='word_1_81' title='bbox 568 2000 716 2081; x_wconf 93' lang='lat' dir='ltr'><strong>ipse</strong></span> <span class='ocrx_word' id='word_1_82' title='bbox 750 2001 900 2064; x_wconf 91' lang='lat' dir='ltr'><strong>uita</strong></span> <span class='ocrx_word' id='word_1_83' title='bbox 926 2002 1174 2064; x_wconf 85' lang='lat' dir='ltr'><strong>comite</strong></span> <span class='ocrx_word' id='word_1_84' title='bbox 1209 2020 1365 2064; x_wconf 85' lang='lat' dir='ltr'><strong>eum</strong></span> <span class='ocrx_word' id='word_1_85' title='bbox 1411 2000 1730 2064; x_wconf 92' lang='lat' dir='ltr'><strong>omnibus</strong></span> <span class='ocrx_word' id='word_1_86' title='bbox 1780 2000 1868 2063; x_wconf 90' lang='lat' dir='ltr'><strong>ad</strong></span> <span class='ocrx_word' id='word_1_87' title='bbox 1899 2020 1973 2063; x_wconf 93' lang='lat' dir='ltr'><strong>se</strong></span> <span class='ocrx_word' id='word_1_88' title='bbox 2004 2001 2135 2064; x_wconf 91' lang='lat' dir='ltr'><strong>rite</strong></span> <span class='ocrx_word' id='word_1_89' title='bbox 2174 2000 2671 2082; x_wconf 89' lang='lat' dir='ltr'><strong>pertinentibus</strong></span> 
     </span>
     <span class='ocr_line' id='line_1_15' title="bbox 565 2098 2668 2182; baseline 0 -21"><span class='ocrx_word' id='word_1_90' title='bbox 565 2098 804 2162; x_wconf 87' lang='lat' dir='ltr'><strong>hilaris</strong></span> <span class='ocrx_word' id='word_1_91' title='bbox 847 2100 1222 2182; x_wconf 87' lang='lat' dir='ltr'><strong>possideat,</strong></span> <span class='ocrx_word' id='word_1_92' title='bbox 1257 2106 1327 2164; x_wconf 92' lang='lat' dir='ltr'><strong>et</strong></span> <span class='ocrx_word' id='word_1_93' title='bbox 1357 2108 1516 2182; x_wconf 92' lang='lat' dir='ltr'><strong>post</strong></span> <span class='ocrx_word' id='word_1_94' title='bbox 1554 2101 1742 2164; x_wconf 89' lang='lat' dir='ltr'><strong>uitae</strong></span> <span class='ocrx_word' id='word_1_95' title='bbox 1783 2119 1950 2163; x_wconf 87' lang='lat' dir='ltr'><strong>suae</strong></span> <span class='ocrx_word' id='word_1_96' title='bbox 1985 2101 2351 2163; x_wconf 90' lang='lat' dir='ltr'><strong>terminum</strong></span> <span class='ocrx_word' id='word_1_97' title='bbox 2385 2100 2668 2181; x_wconf 90' lang='lat' dir='ltr'><strong>quibus-</strong></span> 
     </span>
     <span class='ocr_line' id='line_1_16' title="bbox 567 2198 2666 2281; baseline 0.001 -21"><span class='ocrx_word' id='word_1_98' title='bbox 567 2217 859 2279; x_wconf 89' lang='lat' dir='ltr'><strong>cumque</strong></span> <span class='ocrx_word' id='word_1_99' title='bbox 924 2199 1221 2264; x_wconf 88' lang='lat' dir='ltr'><strong>uoluerit</strong></span> <span class='ocrx_word' id='word_1_100' title='bbox 1293 2199 1702 2263; x_wconf 82' lang='lat' dir='ltr'><strong>haeredibus</strong></span> <span class='ocrx_word' id='word_1_101' title='bbox 1778 2201 2147 2264; x_wconf 92' lang='lat' dir='ltr'><strong>immunem</strong></span> <span class='ocrx_word' id='word_1_102' title='bbox 2213 2198 2666 2281; x_wconf 87' lang='lat' dir='ltr'><strong>derelinquat.</strong></span> 
     </span>
     <span class='ocr_line' id='line_1_17' title="bbox 567 2297 2667 2381; baseline 0 -21"><span class='ocrx_word' id='word_1_103' title='bbox 567 2297 673 2361; x_wconf 92' lang='lat' dir='ltr'><strong>Sit</strong></span> <span class='ocrx_word' id='word_1_104' title='bbox 720 2305 952 2362; x_wconf 89' lang='lat' dir='ltr'><strong>autem</strong></span> <span class='ocrx_word' id='word_1_105' title='bbox 987 2299 1342 2381; x_wconf 88' lang='lat' dir='ltr'><strong>praedicta</strong></span> <span class='ocrx_word' id='word_1_106' title='bbox 1374 2299 1582 2363; x_wconf 93' lang='lat' dir='ltr'><strong>tellus</strong></span> <span class='ocrx_word' id='word_1_107' title='bbox 1621 2297 1839 2363; x_wconf 88' lang='lat' dir='ltr'><strong>libera</strong></span> <span class='ocrx_word' id='word_1_108' title='bbox 1868 2300 2054 2363; x_wconf 90' lang='lat' dir='ltr'><strong>omni</strong></span> <span class='ocrx_word' id='word_1_109' title='bbox 2084 2300 2250 2380; x_wconf 84' lang='lat' dir='ltr'><strong>iugo</strong></span> <span class='ocrx_word' id='word_1_110' title='bbox 2289 2298 2667 2376; x_wconf 82' lang='lat' dir='ltr'><strong>seruitutiS,</strong></span> 
     </span>
     <span class='ocr_line' id='line_1_18' title="bbox 565 2398 2666 2481; baseline 0 -21"><span class='ocrx_word' id='word_1_111' title='bbox 565 2398 784 2461; x_wconf 87' lang='lat' dir='ltr'><strong>tribus</strong></span> <span class='ocrx_word' id='word_1_112' title='bbox 833 2401 1166 2481; x_wconf 80' lang='lat' dir='ltr'><strong>exceptiS,</strong></span> <span class='ocrx_word' id='word_1_113' title='bbox 1218 2409 1373 2462; x_wconf 87' lang='lat' dir='ltr'><strong>rata</strong></span> <span class='ocrx_word' id='word_1_114' title='bbox 1416 2399 1740 2463; x_wconf 91' lang='lat' dir='ltr'><strong>uidelicet</strong></span> <span class='ocrx_word' id='word_1_115' title='bbox 1781 2398 2243 2481; x_wconf 84' lang='lat' dir='ltr'><strong>expeditione,</strong></span> <span class='ocrx_word' id='word_1_116' title='bbox 2286 2398 2522 2479; x_wconf 92' lang='lat' dir='ltr'><strong>pontis</strong></span> <span class='ocrx_word' id='word_1_117' title='bbox 2557 2417 2666 2460; x_wconf 90' lang='lat' dir='ltr'><strong>ar-</strong></span> 
     </span>
     <span class='ocr_line' id='line_1_19' title="bbox 566 2497 2667 2581; baseline 0 -21"><span class='ocrx_word' id='word_1_118' title='bbox 566 2498 754 2562; x_wconf 89' lang='lat' dir='ltr'><strong>cisue</strong></span> <span class='ocrx_word' id='word_1_119' title='bbox 812 2499 1345 2563; x_wconf 90' lang='lat' dir='ltr'><strong>constructione.</strong></span> <span class='ocrx_word' id='word_1_120' title='bbox 1471 2499 1545 2564; x_wconf 92' lang='lat' dir='ltr'><strong>Si</strong></span> <span class='ocrx_word' id='word_1_121' title='bbox 1604 2500 1758 2581; x_wconf 90' lang='lat' dir='ltr'><strong>quis</strong></span> <span class='ocrx_word' id='word_1_122' title='bbox 1821 2506 2051 2563; x_wconf 89' lang='lat' dir='ltr'><strong>autem</strong></span> <span class='ocrx_word' id='word_1_123' title='bbox 2126 2497 2305 2562; x_wconf 90' lang='lat' dir='ltr'><strong>hanc</strong></span> <span class='ocrx_word' id='word_1_124' title='bbox 2361 2506 2667 2561; x_wconf 89' lang='lat' dir='ltr'><strong>nostram</strong></span> 
     </span>
     <span class='ocr_line' id='line_1_20' title="bbox 563 2597 2664 2681; baseline 0.001 -22"><span class='ocrx_word' id='word_1_125' title='bbox 563 2597 1104 2662; x_wconf 85' lang='lat' dir='ltr'><strong>munificentiam</strong></span> <span class='ocrx_word' id='word_1_126' title='bbox 1158 2598 1230 2661; x_wconf 91' lang='lat' dir='ltr'><strong>in</strong></span> <span class='ocrx_word' id='word_1_127' title='bbox 1284 2598 1473 2662; x_wconf 92' lang='lat' dir='ltr'><strong>aliud</strong></span> <span class='ocrx_word' id='word_1_128' title='bbox 1529 2618 1735 2681; x_wconf 90' lang='lat' dir='ltr'><strong>quam</strong></span> <span class='ocrx_word' id='word_1_129' title='bbox 1786 2598 2268 2663; x_wconf 89' lang='lat' dir='ltr'><strong>constituimus</strong></span> <span class='ocrx_word' id='word_1_130' title='bbox 2319 2604 2664 2661; x_wconf 84' lang='lat' dir='ltr'><strong>transmu-</strong></span> 
     </span>
     <span class='ocr_line' id='line_1_21' title="bbox 560 2697 2661 2784; baseline 0.001 -25"><span class='ocrx_word' id='word_1_131' title='bbox 560 2703 713 2761; x_wconf 84' lang='lat' dir='ltr'><strong>tare</strong></span> <span class='ocrx_word' id='word_1_132' title='bbox 762 2698 1080 2775; x_wconf 89' lang='lat' dir='ltr'><strong>uoluerit,</strong></span> <span class='ocrx_word' id='word_1_133' title='bbox 1124 2699 1215 2763; x_wconf 92' lang='lat' dir='ltr'><strong>sit</strong></span> <span class='ocrx_word' id='word_1_134' title='bbox 1266 2700 1414 2781; x_wconf 91' lang='lat' dir='ltr'><strong>ipse</strong></span> <span class='ocrx_word' id='word_1_135' title='bbox 1474 2699 1867 2773; x_wconf 89' lang='lat' dir='ltr'><strong>anathema,</strong></span> <span class='ocrx_word' id='word_1_136' title='bbox 1919 2698 2052 2761; x_wconf 91' lang='lat' dir='ltr'><strong>nisi</strong></span> <span class='ocrx_word' id='word_1_137' title='bbox 2103 2697 2296 2780; x_wconf 92' lang='lat' dir='ltr'><strong>prius</strong></span> <span class='ocrx_word' id='word_1_138' title='bbox 2341 2697 2452 2784; x_wconf 84' lang='lat' dir='ltr'><strong>hic</strong></span> <span class='ocrx_word' id='word_1_139' title='bbox 2501 2706 2661 2761; x_wconf 86' lang='lat' dir='ltr'><strong>ante</strong></span> 
     </span>
     <span class='ocr_line' id='line_1_22' title="bbox 560 2797 2659 2880; baseline 0 -20"><span class='ocrx_word' id='word_1_140' title='bbox 560 2797 823 2861; x_wconf 89' lang='lat' dir='ltr'><strong>obitum</strong></span> <span class='ocrx_word' id='word_1_141' title='bbox 877 2817 1077 2861; x_wconf 92' lang='lat' dir='ltr'><strong>suum</strong></span> <span class='ocrx_word' id='word_1_142' title='bbox 1143 2817 1300 2862; x_wconf 88' lang='lat' dir='ltr'><strong>reus</strong></span> <span class='ocrx_word' id='word_1_143' title='bbox 1353 2799 1772 2880; x_wconf 84' lang='lat' dir='ltr'><strong>poenituerit</strong></span> <span class='ocrx_word' id='word_1_144' title='bbox 1817 2797 2001 2880; x_wconf 92' lang='lat' dir='ltr'><strong>quod</strong></span> <span class='ocrx_word' id='word_1_145' title='bbox 2058 2804 2302 2861; x_wconf 90' lang='lat' dir='ltr'><strong>contra</strong></span> <span class='ocrx_word' id='word_1_146' title='bbox 2351 2803 2659 2861; x_wconf 88' lang='lat' dir='ltr'><strong>nostrum</strong></span> 
     </span>
     <span class='ocr_line' id='line_1_23' title="bbox 560 2895 2661 2980; baseline 0 -21"><span class='ocrx_word' id='word_1_147' title='bbox 560 2896 849 2980; x_wconf 83' lang='lat' dir='ltr'><strong>deliquit</strong></span> <span class='ocrx_word' id='word_1_148' title='bbox 923 2898 1293 2962; x_wconf 91' lang='lat' dir='ltr'><strong>decretum.</strong></span> <span class='ocrx_word' id='word_1_149' title='bbox 1430 2895 1641 2962; x_wconf 92' lang='lat' dir='ltr'><strong>Anno</strong></span> <span class='ocrx_word' id='word_1_150' title='bbox 1718 2898 2098 2961; x_wconf 85' lang='lat' dir='ltr'><strong>dominicae</strong></span> <span class='ocrx_word' id='word_1_151' title='bbox 2166 2897 2661 2960; x_wconf 88' lang='lat' dir='ltr'><strong>incarnationis</strong></span> 
     </span>
     <span class='ocr_line' id='line_1_24' title="bbox 559 2997 2658 3081; baseline 0 -22"><span class='ocrx_word' id='word_1_152' title='bbox 559 3013 933 3062; x_wconf 60' lang='lat' dir='ltr'><strong>Dccccmu.</strong></span> <span class='ocrx_word' id='word_1_153' title='bbox 983 2997 1243 3081; x_wconf 89' lang='lat' dir='ltr'><strong>scripta</strong></span> <span class='ocrx_word' id='word_1_154' title='bbox 1287 3003 1394 3061; x_wconf 93' lang='lat' dir='ltr'><strong>est</strong></span> <span class='ocrx_word' id='word_1_155' title='bbox 1442 2997 1612 3060; x_wconf 89' lang='lat' dir='ltr'><strong>haec</strong></span> <span class='ocrx_word' id='word_1_156' title='bbox 1656 3005 1874 3075; x_wconf 87' lang='lat' dir='ltr'><strong>carta,</strong></span> <span class='ocrx_word' id='word_1_157' title='bbox 1904 2997 2012 3059; x_wconf 86' lang='lat' dir='ltr'><strong>his</strong></span> <span class='ocrx_word' id='word_1_158' title='bbox 2044 2997 2337 3061; x_wconf 92' lang='lat' dir='ltr'><strong>testibus</strong></span> <span class='ocrx_word' id='word_1_159' title='bbox 2369 3015 2658 3060; x_wconf 89' lang='lat' dir='ltr'><strong>consen-</strong></span> 
     </span>
     <span class='ocr_line' id='line_1_25' title="bbox 558 3095 2505 3180; baseline -0.001 -20"><span class='ocrx_word' id='word_1_160' title='bbox 558 3096 888 3160; x_wconf 90' lang='lat' dir='ltr'><strong>tientibus</strong></span> <span class='ocrx_word' id='word_1_161' title='bbox 920 3118 1223 3180; x_wconf 8' lang='lat' dir='ltr'><strong>quorum,</strong></span> <span class='ocrx_word' id='word_1_162' title='bbox 1241 3096 1527 3161; x_wconf 82' lang='lat' dir='ltr'><strong>inferius</strong></span> <span class='ocrx_word' id='word_1_163' title='bbox 1556 3098 1834 3161; x_wconf 88' lang='lat' dir='ltr'><strong>nomina</strong></span> <span class='ocrx_word' id='word_1_164' title='bbox 1865 3097 2131 3179; x_wconf 91' lang='lat' dir='ltr'><strong>scripta</strong></span> <span class='ocrx_word' id='word_1_165' title='bbox 2160 3095 2505 3159; x_wconf 90' lang='lat' dir='ltr'><strong>uidentur.</strong></span> 
     </span>
    </p>

    <p class='ocr_par' dir='ltr' id='par_1_4' title="bbox 546 3195 2659 4278">
     <span class='ocr_line' id='line_1_26' title="bbox 666 3195 2659 3278; baseline -0.001 -18"><span class='ocrx_word' id='word_1_166' title='bbox 666 3197 742 3276; x_wconf 99' lang='grc'>»14</span> <span class='ocrx_word' id='word_1_167' title='bbox 775 3197 927 3278; x_wconf 82' lang='lat' dir='ltr'><strong>Ego</strong></span> <span class='ocrx_word' id='word_1_168' title='bbox 962 3197 1236 3260; x_wconf 90' lang='lat' dir='ltr'><strong>Eadred</strong></span> <span class='ocrx_word' id='word_1_169' title='bbox 1264 3216 1391 3260; x_wconf 85' lang='lat' dir='ltr'><strong>rex</strong></span> <span class='ocrx_word' id='word_1_170' title='bbox 1435 3197 1567 3260; x_wconf 88' lang='lat' dir='ltr'><strong>hoc</strong></span> <span class='ocrx_word' id='word_1_171' title='bbox 1599 3197 1831 3278; x_wconf 80' lang='lat' dir='ltr'><strong>regale</strong></span> <span class='ocrx_word' id='word_1_172' title='bbox 1871 3195 2219 3277; x_wconf 83' lang='lat' dir='ltr'><strong>eulogium</strong></span> <span class='ocrx_word' id='word_1_173' title='bbox 2263 3195 2659 3278; x_wconf 88' lang='lat' dir='ltr'><strong>triumphali</strong></span> 
     </span>
     <span class='ocr_line' id='line_1_27' title="bbox 554 3295 2657 3378; baseline 0 -20"><span class='ocrx_word' id='word_1_174' title='bbox 554 3295 816 3360; x_wconf 87' lang='lat' dir='ltr'><strong>uexillo</strong></span> <span class='ocrx_word' id='word_1_175' title='bbox 877 3296 1206 3360; x_wconf 88' lang='lat' dir='ltr'><strong>stabiliui.</strong></span> <span class='ocrx_word' id='word_1_176' title='bbox 1341 3298 1417 3377; x_wconf 99' lang='grc'>»14</span> <span class='ocrx_word' id='word_1_177' title='bbox 1451 3296 1604 3378; x_wconf 85' lang='lat' dir='ltr'><strong>Ego</strong></span> <span class='ocrx_word' id='word_1_178' title='bbox 1664 3296 1819 3360; x_wconf 90' lang='lat' dir='ltr'><strong>Oda</strong></span> <span class='ocrx_word' id='word_1_179' title='bbox 1872 3296 2443 3377; x_wconf 90' lang='lat' dir='ltr'><strong>metropolitanus</strong></span> <span class='ocrx_word' id='word_1_180' title='bbox 2493 3315 2657 3359; x_wconf 92' lang='lat' dir='ltr'><strong>con-</strong></span> 
     </span>
     <span class='ocr_line' id='line_1_28' title="bbox 551 3395 2653 3479; baseline 0.001 -23"><span class='ocrx_word' id='word_1_181' title='bbox 551 3395 848 3476; x_wconf 84' lang='lat' dir='ltr'><strong>signaui.</strong></span> <span class='ocrx_word' id='word_1_182' title='bbox 963 3399 1039 3478; x_wconf 98' lang='grc'>»14</span> <span class='ocrx_word' id='word_1_183' title='bbox 1081 3397 1234 3479; x_wconf 86' lang='lat' dir='ltr'><strong>Ego</strong></span> <span class='ocrx_word' id='word_1_184' title='bbox 1284 3395 1586 3478; x_wconf 85' lang='lat' dir='ltr'><strong>Eadgifu</strong></span> <span class='ocrx_word' id='word_1_185' title='bbox 1632 3396 1936 3460; x_wconf 91' lang='lat' dir='ltr'><strong>eiusdem</strong></span> <span class='ocrx_word' id='word_1_186' title='bbox 1987 3396 2169 3477; x_wconf 84' lang='lat' dir='ltr'><strong>regis</strong></span> <span class='ocrx_word' id='word_1_187' title='bbox 2215 3402 2438 3460; x_wconf 88' lang='lat' dir='ltr'><strong>mater</strong></span> <span class='ocrx_word' id='word_1_188' title='bbox 2491 3414 2653 3458; x_wconf 89' lang='lat' dir='ltr'><strong>con-</strong></span> 
     </span>
     <span class='ocr_line' id='line_1_29' title="bbox 550 3495 2655 3579; baseline 0 -22"><span class='ocrx_word' id='word_1_189' title='bbox 550 3495 844 3559; x_wconf 88' lang='lat' dir='ltr'><strong>firmaui.</strong></span> <span class='ocrx_word' id='word_1_190' title='bbox 930 3500 1010 3576; x_wconf 92' lang='grc'>»14</span> <span class='ocrx_word' id='word_1_191' title='bbox 1042 3497 1195 3578; x_wconf 82' lang='lat' dir='ltr'><strong>Ego</strong></span> <span class='ocrx_word' id='word_1_192' title='bbox 1226 3495 1525 3577; x_wconf 85' lang='lat' dir='ltr'><strong>AElssige</strong></span> <span class='ocrx_word' id='word_1_193' title='bbox 1557 3496 1921 3579; x_wconf 89' lang='lat' dir='ltr'><strong>episcopus</strong></span> <span class='ocrx_word' id='word_1_194' title='bbox 1961 3495 2298 3560; x_wconf 90' lang='lat' dir='ltr'><strong>consensi.</strong></span> <span class='ocrx_word' id='word_1_195' title='bbox 2388 3497 2467 3575; x_wconf 92' lang='grc'>»14</span> <span class='ocrx_word' id='word_1_196' title='bbox 2503 3495 2655 3576; x_wconf 87' lang='lat' dir='ltr'><strong>Ego</strong></span> 
     </span>
     <span class='ocr_line' id='line_1_30' title="bbox 557 3594 2649 3680; baseline -0.001 -23"><span class='ocrx_word' id='word_1_197' title='bbox 557 3594 770 3658; x_wconf 86' lang='lat' dir='ltr'><strong>Osulf</strong></span> <span class='ocrx_word' id='word_1_198' title='bbox 789 3597 1153 3678; x_wconf 91' lang='lat' dir='ltr'><strong>episcopus</strong></span> <span class='ocrx_word' id='word_1_199' title='bbox 1181 3595 1580 3679; x_wconf 88' lang='lat' dir='ltr'><strong>subscripsi.</strong></span> <span class='ocrx_word' id='word_1_200' title='bbox 1660 3599 1739 3680; x_wconf 86' lang='grc'>»14</span> <span class='ocrx_word' id='word_1_201' title='bbox 1770 3597 1921 3678; x_wconf 87' lang='lat' dir='ltr'><strong>Ego</strong></span> <span class='ocrx_word' id='word_1_202' title='bbox 1954 3594 2238 3679; x_wconf 82' lang='lat' dir='ltr'><strong>Oscytel</strong></span> <span class='ocrx_word' id='word_1_203' title='bbox 2267 3594 2649 3676; x_wconf 87' lang='lat' dir='ltr'><strong>episcopus.</strong></span> 
     </span>
     <span class='ocr_line' id='line_1_31' title="bbox 570 3692 2654 3778; baseline -0 -21"><span class='ocrx_word' id='word_1_204' title='bbox 570 3697 649 3775; x_wconf 92' lang='grc'>»14</span> <span class='ocrx_word' id='word_1_205' title='bbox 688 3694 839 3775; x_wconf 83' lang='lat' dir='ltr'><strong>Ego</strong></span> <span class='ocrx_word' id='word_1_206' title='bbox 894 3695 1225 3759; x_wconf 89' lang='lat' dir='ltr'><strong>AElfwold</strong></span> <span class='ocrx_word' id='word_1_207' title='bbox 1284 3695 1665 3778; x_wconf 89' lang='lat' dir='ltr'><strong>episcopus.</strong></span> <span class='ocrx_word' id='word_1_208' title='bbox 1783 3697 1859 3776; x_wconf 98' lang='grc'>»14</span> <span class='ocrx_word' id='word_1_209' title='bbox 1897 3696 2049 3777; x_wconf 87' lang='lat' dir='ltr'><strong>Ego</strong></span> <span class='ocrx_word' id='word_1_210' title='bbox 2100 3692 2445 3774; x_wconf 87' lang='lat' dir='ltr'><strong>Wulfsige</strong></span> <span class='ocrx_word' id='word_1_211' title='bbox 2509 3694 2654 3775; x_wconf 92' lang='lat' dir='ltr'><strong>epi-</strong></span> 
     </span>
     <span class='ocr_line' id='line_1_32' title="bbox 552 3791 2655 3878; baseline -0 -21"><span class='ocrx_word' id='word_1_212' title='bbox 552 3812 826 3875; x_wconf 78' lang='lat' dir='ltr'><strong>scopus,</strong></span> <span class='ocrx_word' id='word_1_213' title='bbox 940 3797 1019 3878; x_wconf 88' lang='grc'>»14</span> <span class='ocrx_word' id='word_1_214' title='bbox 1053 3796 1205 3877; x_wconf 84' lang='lat' dir='ltr'><strong>Ego</strong></span> <span class='ocrx_word' id='word_1_215' title='bbox 1265 3795 1592 3858; x_wconf 89' lang='lat' dir='ltr'><strong>Dunstan</strong></span> <span class='ocrx_word' id='word_1_216' title='bbox 1645 3796 1883 3860; x_wconf 83' lang='lat' dir='ltr'><strong>abbaS.</strong></span> <span class='ocrx_word' id='word_1_217' title='bbox 1998 3795 2074 3874; x_wconf 99' lang='grc'>»14</span> <span class='ocrx_word' id='word_1_218' title='bbox 2110 3794 2262 3874; x_wconf 83' lang='lat' dir='ltr'><strong>Ego</strong></span> <span class='ocrx_word' id='word_1_219' title='bbox 2297 3791 2655 3877; x_wconf 71' lang='lat' dir='ltr'><strong>AEpelstan</strong></span> 
     </span>
     <span class='ocr_line' id='line_1_33' title="bbox 551 3892 2652 3978; baseline -0.001 -22"><span class='ocrx_word' id='word_1_220' title='bbox 551 3893 718 3957; x_wconf 78' lang='lat' dir='ltr'><strong>dux,</strong></span> <span class='ocrx_word' id='word_1_221' title='bbox 856 3898 935 3976; x_wconf 88' lang='grc'>»14</span> <span class='ocrx_word' id='word_1_222' title='bbox 967 3895 1120 3974; x_wconf 85' lang='lat' dir='ltr'><strong>Ego</strong></span> <span class='ocrx_word' id='word_1_223' title='bbox 1187 3893 1597 3978; x_wconf 74' lang='lat' dir='ltr'><strong>AEpelmund</strong></span> <span class='ocrx_word' id='word_1_224' title='bbox 1657 3894 1824 3958; x_wconf 83' lang='lat' dir='ltr'><strong>dux.</strong></span> <span class='ocrx_word' id='word_1_225' title='bbox 1961 3896 2040 3977; x_wconf 88' lang='grc'>»14</span> <span class='ocrx_word' id='word_1_226' title='bbox 2081 3894 2232 3975; x_wconf 88' lang='lat' dir='ltr'><strong>Ego</strong></span> <span class='ocrx_word' id='word_1_227' title='bbox 2287 3892 2652 3955; x_wconf 90' lang='lat' dir='ltr'><strong>Eadmund</strong></span> 
     </span>
     <span class='ocr_line' id='line_1_34' title="bbox 549 3991 2651 4076; baseline 0 -21"><span class='ocrx_word' id='word_1_228' title='bbox 549 3992 716 4057; x_wconf 86' lang='lat' dir='ltr'><strong>dux.</strong></span> <span class='ocrx_word' id='word_1_229' title='bbox 829 3996 908 4074; x_wconf 93' lang='grc'>»14</span> <span class='ocrx_word' id='word_1_230' title='bbox 944 3994 1097 4073; x_wconf 82' lang='lat' dir='ltr'><strong>Ego</strong></span> <span class='ocrx_word' id='word_1_231' title='bbox 1124 3991 1407 4057; x_wconf 59' lang='lat' dir='ltr'><strong>AElfnob</strong></span> <span class='ocrx_word' id='word_1_232' title='bbox 1451 3993 1784 4058; x_wconf 87' lang='lat' dir='ltr'><strong>minister.</strong></span> <span class='ocrx_word' id='word_1_233' title='bbox 1899 3995 1978 4076; x_wconf 88' lang='grc'>»14</span> <span class='ocrx_word' id='word_1_234' title='bbox 2014 3993 2164 4075; x_wconf 87' lang='lat' dir='ltr'><strong>Ego</strong></span> <span class='ocrx_word' id='word_1_235' title='bbox 2196 3991 2493 4058; x_wconf 87' lang='lat' dir='ltr'><strong>Wulsric</strong></span> <span class='ocrx_word' id='word_1_236' title='bbox 2527 3993 2651 4055; x_wconf 91' lang='lat' dir='ltr'><strong>mi·-</strong></span> 
     </span>
     <span class='ocr_line' id='line_1_35' title="bbox 546 4090 2654 4174; baseline -0 -19"><span class='ocrx_word' id='word_1_237' title='bbox 546 4093 778 4157; x_wconf 91' lang='lat' dir='ltr'><strong>nister.</strong></span> <span class='ocrx_word' id='word_1_238' title='bbox 895 4095 971 4174; x_wconf 98' lang='grc'>»14</span> <span class='ocrx_word' id='word_1_239' title='bbox 1004 4094 1155 4174; x_wconf 84' lang='lat' dir='ltr'><strong>Ego</strong></span> <span class='ocrx_word' id='word_1_240' title='bbox 1207 4093 1503 4174; x_wconf 85' lang='lat' dir='ltr'><strong>AElfsige</strong></span> <span class='ocrx_word' id='word_1_241' title='bbox 1570 4095 1900 4158; x_wconf 91' lang='lat' dir='ltr'><strong>minister.</strong></span> <span class='ocrx_word' id='word_1_242' title='bbox 2016 4094 2092 4173; x_wconf 99' lang='grc'>»14</span> <span class='ocrx_word' id='word_1_243' title='bbox 2128 4093 2281 4172; x_wconf 85' lang='lat' dir='ltr'><strong>Ego</strong></span> <span class='ocrx_word' id='word_1_244' title='bbox 2323 4090 2654 4172; x_wconf 83' lang='lat' dir='ltr'><strong>Wulfgar</strong></span> 
     </span>
     <span class='ocr_line' id='line_1_36' title="bbox 546 4191 2637 4278; baseline 0 -23"><span class='ocrx_word' id='word_1_245' title='bbox 546 4193 873 4257; x_wconf 88' lang='lat' dir='ltr'><strong>minister.</strong></span> <span class='ocrx_word' id='word_1_246' title='bbox 989 4197 1068 4275; x_wconf 90' lang='grc'>»14</span> <span class='ocrx_word' id='word_1_247' title='bbox 1101 4193 1253 4275; x_wconf 84' lang='lat' dir='ltr'><strong>Ego</strong></span> <span class='ocrx_word' id='word_1_248' title='bbox 1303 4192 1735 4278; x_wconf 72' lang='lat' dir='ltr'><strong>AEpelgeard.</strong></span> <span class='ocrx_word' id='word_1_249' title='bbox 1849 4195 1928 4276; x_wconf 88' lang='grc'>»14</span> <span class='ocrx_word' id='word_1_250' title='bbox 1960 4193 2113 4273; x_wconf 84' lang='lat' dir='ltr'><strong>Ego</strong></span> <span class='ocrx_word' id='word_1_251' title='bbox 2159 4191 2457 4271; x_wconf 84' lang='lat' dir='ltr'><strong>AElfgar.</strong></span> <span class='ocrx_word' id='word_1_252' title='bbox 2558 4195 2637 4273; x_wconf 92' lang='grc'>»14</span> 
     </span>
    </p>
   </div>
  </div>
 </body>
</html>
