3044 5019
622 408 756 472 260
1137 424 1481 473 CHARTAE
1528 423 2212 473 ANGLosAonmAE.

631 583 979 648 reddimus
1036 584 1319 647 tellures
1361 583 1512 660 has,
1568 603 1743 666 quas
1799 583 2364 665 praedecessores
2421 585 2641 648 nostri
2694 605 2736 648 a

631 682 962 746 fratribus
999 683 1395 765 Christique
1435 683 1772 746 aecclesia
1804 684 2153 747 retrahere
2187 692 2736 764 consueuerunt3

634 788 704 845 et
737 802 920 845 nunc
951 784 1179 864 gratia
1209 784 1466 846 domini
1500 784 1722 846 nostri
1756 783 1967 846 Ihesu
2000 782 2258 847 Christi
2288 784 2740 849 Eadmundus

634 900 783 957 rex,
816 891 886 946 et
915 884 1123 946 etiam
1159 882 1519 946 Eadredus
1552 903 1678 945 nec
1713 904 1852 946 non
1885 890 1955 946 et
1988 883 2279 964 Eadwig
2311 886 2744 949 subscribere

634 981 916 1045 uillulas
939 990 1284 1064 optamUS,
1321 989 1390 1045 et
1417 1002 1688 1064 semper
1718 984 1790 1045 in
1826 1002 2075 1045 aeuum
2104 983 2434 1065 fratribus
2459 1005 2742 1048 conces-

629 1082 846 1146 simus
877 1082 1253 1145 liberaliter
1298 1083 1385 1144 ad
1428 1082 1850 1145 induendum
1896 1103 2189 1164 corpora
2222 1083 2351 1146 deo
2391 1085 2487 1148 ibi
2523 1086 2739 1148 serui-

631 1182 917 1259 entium,
952 1182 1279 1265 quamdiu
1313 1182 1781 1245 christianitas
1814 1183 1886 1245 in
1917 1183 2179 1264 templo
2211 1191 2454 1247 sancto
2480 1184 2742 1248 Christi

633 1288 973 1345 teneatur.
1082 1281 1283 1345 Haec
1336 1289 1501 1345 sunt
1557 1282 1838 1344 nomina
1891 1284 2179 1365 antiquo
2228 1303 2358 1346 usu
2415 1283 2743 1365 imposita

633 1381 895 1444 uillulis
923 1402 940 1460 3
975 1381 1435 1457 Tuikenham,
1466 1381 1828 1457 Prestone,
1855 1382 2219 1462 Ealdinge,
2254 1382 2738 1465 Suuerdlinge,

629 1480 1095 1563 Wyngeham,
1173 1480 1521 1557 Grauene,
1600 1482 2004 1558 Bosintone,
2084 1482 2488 1559 Ulecumbe,
2565 1483 2733 1547 Ter-

630 1582 888 1662 ringeS‚
924 1601 1049 1644 rex
1085 1601 1251 1645 uero
1286 1579 1733 1644 AEbelstanus
1767 1583 1838 1644 in
1872 1581 2200 1645 honorem
2238 1582 2499 1645 Christi
2535 1603 2734 1664 prae-

632 1680 858 1744 dictae
882 1681 1070 1744 dedit
1104 1681 1498 1744 aecclesiae.
1580 1681 1653 1744 Si
1688 1682 1842 1763 quis
1866 1701 2032 1744 uero
2056 1681 2580 1759 catholicorum,
2617 1691 2738 1747 aut

630 1801 871 1862 regum
895 1788 1019 1844 aut
1046 1781 1525 1862 episcoporum
1550 1787 1673 1843 aut
1705 1781 2201 1863 praefectuum,
2236 1780 2367 1845 hoc
2384 1781 2737 1847 decretum

632 1900 886 1962 augere
933 1881 1253 1957 uoluerit,
1299 1880 1646 1961 adaugeat
1696 1881 1797 1943 illi
1849 1881 2019 1944 deus
2058 1889 2371 1962 tempora
2421 1883 2608 1946 bona
2667 1884 2736 1945 in

630 1981 911 2044 saeculo
945 1988 1014 2044 et
1046 1982 1263 2044 uitam
1301 1988 1653 2043 aeternam
1681 1981 1752 2043 in
1784 1980 2058 2059 futuro;
2108 1980 2167 2043 si
2199 2000 2366 2045 uero
2390 1983 2735 2064 quispiam

632 2081 938 2144 minuere
978 2088 1102 2144 aut
1148 2080 1411 2144 uiolare
1456 2086 1579 2143 aut
1624 2080 1901 2144 omnino
1945 2082 2284 2161 satagerit
2331 2081 2732 2163 infringere,

628 2180 806 2243 sciat
838 2200 912 2243 se
945 2201 1101 2243 cum
1124 2179 1413 2263 Caypha
1443 2188 1513 2243 et
1550 2178 1782 2242 Pilato
1819 2180 2159 2261 simulque
2193 2180 2373 2244 Iuda
2401 2181 2736 2246 traditore

630 2279 879 2343 misero
914 2280 1182 2344 inferno
1226 2280 1533 2343 inferiori
1578 2279 1964 2342 demersum
2000 2298 2175 2355 esse,
2222 2281 2354 2343 nisi
2391 2288 2555 2344 ante
2591 2283 2736 2345 eius

630 2380 893 2444 obitum
939 2380 1271 2462 grauibus
1308 2380 1548 2462 poenis
1593 2398 1667 2443 se
1713 2379 2000 2460 affligat,
2046 2386 2116 2442 et
2160 2379 2371 2462 digna
2415 2382 2738 2444 satisfac-

628 2481 815 2544 tione
865 2480 1181 2544 emendet
1234 2480 1417 2562 quod
1468 2479 1962 2543 incredibiliter
2016 2480 2233 2561 gessit
2278 2487 2521 2544 contra
2571 2501 2733 2545 nos-

629 2587 810 2643 trum
848 2580 1049 2643 fidele
1080 2581 1448 2643 decretum.
1559 2580 1759 2644 Haec
1806 2587 1913 2644 est
1953 2582 2307 2644 concessio
2338 2581 2736 2645 Eadmundi

628 2680 813 2761 regis
848 2687 918 2742 et
951 2680 1249 2743 Eadredi
1280 2680 1465 2761 regis
1499 2686 1569 2742 et
1604 2680 1921 2761 Eadwigi
1957 2680 2164 2760 regis,

724 2781 802 2859 ›1‹
832 2780 984 2861 Ego
1010 2779 1458 2843 Eadmundus
1490 2799 1618 2842 rex
1650 2780 1829 2844 hanc
1862 2779 2306 2843 donationem
2339 2780 2738 2861 largifluam

629 2900 786 2944 cum
827 2881 1028 2960 signo
1069 2888 1351 2944 sanctae
1408 2881 1633 2942 crucis
1683 2879 1943 2943 Christi
1995 2879 2342 2943 roboraui.
2460 2883 2538 2962 ιιι
2583 2881 2737 2963 Ego

627 2980 986 3044 Eadredus
1018 3001 1144 3043 rex
1178 2980 1494 3045 consensi
1528 2986 1598 3042 et
1631 2979 2031 3060 subscripsi.
2146 2982 2224 3060 ›1‹
2260 2979 2413 3060 Ego
2442 2980 2739 3063 Eadwig

626 3101 751 3143 rex
788 3081 1103 3144 consensi
1149 3087 1220 3143 et
1270 3080 1669 3160 subscripsi.
1787 3082 1865 3160 ›1‹
1912 3078 2065 3160 Ego
2100 3078 2576 3143 Wulfhelmus
2630 3081 2739 3144 dei

630 3181 860 3261 gratia
914 3180 1470 3262 archiepiscopus
1521 3179 1700 3260 hanc
1751 3181 1937 3262 piam
1990 3179 2428 3260 largitionem
2473 3181 2740 3244 uexillo

629 3287 910 3343 sanctae
962 3279 1185 3342 crucis
1221 3279 1480 3344 Christi
1532 3278 1960 3343 confirmaui.
2067 3278 2315 3341 Plures
2370 3280 2580 3342 etiam
2623 3281 2741 3344 alii

628 3387 771 3443 tam
806 3378 1036 3443 clerici
1070 3399 1279 3461 quam
1315 3379 1473 3442 laici
1507 3379 2017 3443 consentientes
2047 3378 2627 3461 subscripserunt.

1490 3675 1875 3740 ccccvi.

1276 3827 1318 3872 *
1355 3794 1784 3889 EADMUN
1803 3827 1893 3901 D,
1939 3826 2092 3891 946.

735 3979 813 4057 ›1‹
858 3976 948 4040 IN
980 3975 1256 4040 nomine
1288 3975 1583 4039 domini!
1694 3976 1846 4056 Ego
1881 3975 2245 4039 Eadmund
2293 3976 2534 4042 diuina
2578 3999 2733 4061 gra-

623 4079 724 4143 tia
758 4078 1037 4140 fauente
1072 4096 1197 4138 rex
1228 4082 1298 4138 et
1333 4075 1763 4157 primicerius
1797 4077 2014 4140 totius
2045 4074 2389 4153 Albionis,
2419 4078 2733 4161 aliquan-

623 4179 840 4243 tulam
872 4183 1096 4239 terrae
1143 4175 1679 4256 portiunculam,
1727 4176 1796 4239 id
1844 4184 1950 4241 est
1986 4176 2287 4259 quinque
2321 4197 2627 4256 111311535,
2665 4180 2735 4243 111
