<?xml version="1.0" encoding="UTF-8"?>
<!DOCTYPE html PUBLIC "-//W3C//DTD XHTML 1.0 Transitional//EN"
    "http://www.w3.org/TR/xhtml1/DTD/xhtml1-transitional.dtd">
<html xmlns="http://www.w3.org/1999/xhtml" xml:lang="en" lang="en">
 <head>
  <title>
</title>
<meta http-equiv="Content-Type" content="text/html;charset=utf-8" />
  <meta name='ocr-system' content='tesseract 3.04.00' />
  <meta name='ocr-capabilities' content='ocr_page ocr_carea ocr_par ocr_line ocrx_word'/>
</head>
<body>
  <div class='ocr_page' id='page_1' title='image "./codexdiplomatic05kembgoog_0372.png"; bbox 0 0 3044 5019; ppageno 0'>
   <div class='ocr_carea' id='block_1_1' title="bbox 581 432 2179 497">
    <p class='ocr_par' dir='ltr' id='par_1_1' title="bbox 581 432 2179 497">
     <span class='ocr_line' id='line_1_1' title="bbox 581 432 2179 497; baseline 0 -2"><span class='ocrx_word' id='word_1_1' title='bbox 581 432 714 496; x_wconf 82' lang='lat'><strong>316</strong></span> <span class='ocrx_word' id='word_1_2' title='bbox 1103 448 1449 495; x_wconf 70' lang='lat' dir='ltr'><strong>anRrAss</strong></span> <span class='ocrx_word' id='word_1_3' title='bbox 1495 447 2179 497; x_wconf 72' lang='lat' dir='ltr'><strong>ANGLOSAXONJCAE.</strong></span> 
     </span>
    </p>
   </div>
   <div class='ocr_carea' id='block_1_2' title="bbox 562 604 2699 4078">
    <p class='ocr_par' dir='ltr' id='par_1_2' title="bbox 577 604 2699 2373">
     <span class='ocr_line' id='line_1_2' title="bbox 582 604 2697 689; baseline 0.002 -21"><span class='ocrx_word' id='word_1_4' title='bbox 582 624 738 668; x_wconf 93' lang='lat' dir='ltr'><strong>cum</strong></span> <span class='ocrx_word' id='word_1_5' title='bbox 774 604 987 669; x_wconf 80' lang='lat' dir='ltr'><strong>Patre</strong></span> <span class='ocrx_word' id='word_1_6' title='bbox 1020 613 1090 670; x_wconf 90' lang='lat' dir='ltr'><strong>et</strong></span> <span class='ocrx_word' id='word_1_7' title='bbox 1122 605 1386 687; x_wconf 87' lang='lat' dir='ltr'>Spiritu</span> <span class='ocrx_word' id='word_1_8' title='bbox 1428 606 1685 671; x_wconf 90' lang='lat' dir='ltr'><strong>Sancto</strong></span> <span class='ocrx_word' id='word_1_9' title='bbox 1725 626 2015 689; x_wconf 86' lang='lat' dir='ltr'><strong>regnum</strong></span> <span class='ocrx_word' id='word_1_10' title='bbox 2044 612 2233 670; x_wconf 91' lang='lat' dir='ltr'><strong>tenet</strong></span> <span class='ocrx_word' id='word_1_11' title='bbox 2266 604 2653 670; x_wconf 76' lang='lat' dir='ltr'><strong>immortale</strong></span> <span class='ocrx_word' id='word_1_12' title='bbox 2680 609 2697 672; x_wconf 90' lang='lat'>!</span> 
     </span>
     <span class='ocr_line' id='line_1_3' title="bbox 586 704 2698 789; baseline 0.001 -22"><span class='ocrx_word' id='word_1_13' title='bbox 586 705 739 786; x_wconf 82' lang='lat' dir='ltr'><strong>Ego</strong></span> <span class='ocrx_word' id='word_1_14' title='bbox 785 706 1129 787; x_wconf 83' lang='lat' dir='ltr'><strong>Eaduuig‚</strong></span> <span class='ocrx_word' id='word_1_15' title='bbox 1177 705 1414 769; x_wconf 88' lang='lat' dir='ltr'><strong>diuina</strong></span> <span class='ocrx_word' id='word_1_16' title='bbox 1466 706 1917 789; x_wconf 84' lang='lat' dir='ltr'><strong>dispositione</strong></span> <span class='ocrx_word' id='word_1_17' title='bbox 1972 706 2199 788; x_wconf 85' lang='lat' dir='ltr'><strong>gentis</strong></span> <span class='ocrx_word' id='word_1_18' title='bbox 2253 704 2698 787; x_wconf 84' lang='lat' dir='ltr'><strong>Angligenae</strong></span> 
     </span>
     <span class='ocr_line' id='line_1_4' title="bbox 584 804 2697 884; baseline 0.001 -16"><span class='ocrx_word' id='word_1_19' title='bbox 584 812 655 868; x_wconf 93' lang='lat' dir='ltr'><strong>et</strong></span> <span class='ocrx_word' id='word_1_20' title='bbox 696 804 1126 869; x_wconf 87' lang='lat' dir='ltr'><strong>diuersarum</strong></span> <span class='ocrx_word' id='word_1_21' title='bbox 1167 807 1526 870; x_wconf 91' lang='lat' dir='ltr'><strong>nationum</strong></span> <span class='ocrx_word' id='word_1_22' title='bbox 1572 808 1951 871; x_wconf 88' lang='lat' dir='ltr'><strong>industrius</strong></span> <span class='ocrx_word' id='word_1_23' title='bbox 2000 827 2150 884; x_wconf 72' lang='lat' dir='ltr'><strong>reX,</strong></span> <span class='ocrx_word' id='word_1_24' title='bbox 2191 806 2311 868; x_wconf 90' lang='lat' dir='ltr'><strong>uni</strong></span> <span class='ocrx_word' id='word_1_25' title='bbox 2362 826 2518 869; x_wconf 89' lang='lat' dir='ltr'><strong>meo</strong></span> <span class='ocrx_word' id='word_1_26' title='bbox 2566 806 2697 871; x_wconf 89' lang='lat' dir='ltr'><strong>mi-</strong></span> 
     </span>
     <span class='ocr_line' id='line_1_5' title="bbox 583 905 2699 989; baseline 0.001 -22"><span class='ocrx_word' id='word_1_27' title='bbox 583 905 803 969; x_wconf 90' lang='lat' dir='ltr'><strong>nistro</strong></span> <span class='ocrx_word' id='word_1_28' title='bbox 848 906 960 969; x_wconf 90' lang='lat' dir='ltr'><strong>cui</strong></span> <span class='ocrx_word' id='word_1_29' title='bbox 1005 926 1253 970; x_wconf 86' lang='lat' dir='ltr'><strong>nomen</strong></span> <span class='ocrx_word' id='word_1_30' title='bbox 1301 914 1409 970; x_wconf 88' lang='lat' dir='ltr'><strong>est</strong></span> <span class='ocrx_word' id='word_1_31' title='bbox 1459 906 1757 989; x_wconf 83' lang='lat' dir='ltr'><strong>AElfsige</strong></span> <span class='ocrx_word' id='word_1_32' title='bbox 1810 924 1887 971; x_wconf 87' lang='lat' dir='ltr'><strong>x.</strong></span> <span class='ocrx_word' id='word_1_33' title='bbox 1944 914 2255 970; x_wconf 90' lang='lat' dir='ltr'><strong>cassatos</strong></span> <span class='ocrx_word' id='word_1_34' title='bbox 2299 906 2699 988; x_wconf 90' lang='lat' dir='ltr'><strong>perenniter</strong></span> 
     </span>
     <span class='ocr_line' id='line_1_6' title="bbox 581 1005 2695 1090; baseline 0.001 -23"><span class='ocrx_word' id='word_1_35' title='bbox 581 1005 926 1087; x_wconf 89' lang='lat' dir='ltr'><strong>impendo,</strong></span> <span class='ocrx_word' id='word_1_36' title='bbox 956 1025 1168 1088; x_wconf 93' lang='lat' dir='ltr'><strong>penes</strong></span> <span class='ocrx_word' id='word_1_37' title='bbox 1211 1006 1406 1069; x_wconf 92' lang='lat' dir='ltr'><strong>illum</strong></span> <span class='ocrx_word' id='word_1_38' title='bbox 1439 1006 1668 1071; x_wconf 90' lang='lat' dir='ltr'><strong>locum</strong></span> <span class='ocrx_word' id='word_1_39' title='bbox 1719 1027 1860 1090; x_wconf 92' lang='lat' dir='ltr'><strong>quo</strong></span> <span class='ocrx_word' id='word_1_40' title='bbox 1892 1008 2270 1071; x_wconf 82' lang='lat' dir='ltr'><strong>assertione</strong></span> <span class='ocrx_word' id='word_1_41' title='bbox 2319 1007 2695 1070; x_wconf 91' lang='lat' dir='ltr'><strong>multorum</strong></span> 
     </span>
     <span class='ocr_line' id='line_1_7' title="bbox 581 1105 2695 1191; baseline 0.002 -24"><span class='ocrx_word' id='word_1_42' title='bbox 581 1105 934 1168; x_wconf 90' lang='lat' dir='ltr'><strong>hominum</strong></span> <span class='ocrx_word' id='word_1_43' title='bbox 984 1106 1328 1189; x_wconf 84' lang='lat' dir='ltr'><strong>profertur</strong></span> <span class='ocrx_word' id='word_1_44' title='bbox 1375 1107 1500 1184; x_wconf 88' lang='lat' dir='ltr'><strong>ita,</strong></span> <span class='ocrx_word' id='word_1_45' title='bbox 1552 1114 1669 1171; x_wconf 90' lang='lat' dir='ltr'><strong>aet</strong></span> <span class='ocrx_word' id='word_1_46' title='bbox 1720 1107 2144 1191; x_wconf 83' lang='lat' dir='ltr'><strong>Cytringan;</strong></span> <span class='ocrx_word' id='word_1_47' title='bbox 2193 1126 2238 1170; x_wconf 90' lang='lat' dir='ltr'><strong>a</strong></span> <span class='ocrx_word' id='word_1_48' title='bbox 2286 1107 2491 1170; x_wconf 91' lang='lat' dir='ltr'><strong>modo</strong></span> <span class='ocrx_word' id='word_1_49' title='bbox 2536 1127 2695 1171; x_wconf 91' lang='lat' dir='ltr'><strong>cum</strong></span> 
     </span>
     <span class='ocr_line' id='line_1_8' title="bbox 579 1206 2692 1289; baseline 0 -20"><span class='ocrx_word' id='word_1_50' title='bbox 579 1206 953 1270; x_wconf 84' lang='lat' dir='ltr'><strong>securitate</strong></span> <span class='ocrx_word' id='word_1_51' title='bbox 1006 1213 1319 1270; x_wconf 91' lang='lat' dir='ltr'><strong>nostrum</strong></span> <span class='ocrx_word' id='word_1_52' title='bbox 1373 1206 1631 1271; x_wconf 89' lang='lat' dir='ltr'><strong>donum</strong></span> <span class='ocrx_word' id='word_1_53' title='bbox 1683 1208 1834 1271; x_wconf 88' lang='lat' dir='ltr'><strong>uita</strong></span> <span class='ocrx_word' id='word_1_54' title='bbox 1884 1208 2136 1271; x_wconf 85' lang='lat' dir='ltr'><strong>comite</strong></span> <span class='ocrx_word' id='word_1_55' title='bbox 2189 1206 2322 1271; x_wconf 87' lang='lat' dir='ltr'><strong>sibi</strong></span> <span class='ocrx_word' id='word_1_56' title='bbox 2374 1214 2692 1289; x_wconf 88' lang='lat' dir='ltr'><strong>usurpet,</strong></span> 
     </span>
     <span class='ocr_line' id='line_1_9' title="bbox 580 1305 2693 1388; baseline 0 -19"><span class='ocrx_word' id='word_1_57' title='bbox 580 1326 659 1370; x_wconf 89' lang='lat' dir='ltr'><strong>se</strong></span> <span class='ocrx_word' id='word_1_58' title='bbox 719 1307 1017 1371; x_wconf 89' lang='lat' dir='ltr'><strong>obeunte</strong></span> <span class='ocrx_word' id='word_1_59' title='bbox 1074 1307 1482 1388; x_wconf 90' lang='lat' dir='ltr'><strong>cuicumque</strong></span> <span class='ocrx_word' id='word_1_60' title='bbox 1549 1307 1850 1372; x_wconf 90' lang='lat' dir='ltr'><strong>uoluerit</strong></span> <span class='ocrx_word' id='word_1_61' title='bbox 1899 1308 1971 1370; x_wconf 93' lang='lat' dir='ltr'><strong>in</strong></span> <span class='ocrx_word' id='word_1_62' title='bbox 2036 1305 2341 1370; x_wconf 85' lang='lat' dir='ltr'><strong>karisma</strong></span> <span class='ocrx_word' id='word_1_63' title='bbox 2389 1326 2693 1388; x_wconf 90' lang='lat' dir='ltr'><strong>perenne</strong></span> 
     </span>
     <span class='ocr_line' id='line_1_10' title="bbox 578 1406 2690 1490; baseline 0 -21"><span class='ocrx_word' id='word_1_64' title='bbox 578 1407 952 1488; x_wconf 90' lang='lat' dir='ltr'><strong>impertiat,</strong></span> <span class='ocrx_word' id='word_1_65' title='bbox 1019 1426 1176 1469; x_wconf 93' lang='lat' dir='ltr'><strong>cum</strong></span> <span class='ocrx_word' id='word_1_66' title='bbox 1240 1407 1527 1489; x_wconf 88' lang='lat' dir='ltr'><strong>campis,</strong></span> <span class='ocrx_word' id='word_1_67' title='bbox 1585 1409 1887 1490; x_wconf 81' lang='lat' dir='ltr'><strong>pascuiS‚</strong></span> <span class='ocrx_word' id='word_1_68' title='bbox 1935 1408 2179 1490; x_wconf 82' lang='lat' dir='ltr'><strong>pratiS‚</strong></span> <span class='ocrx_word' id='word_1_69' title='bbox 2232 1406 2450 1469; x_wconf 82' lang='lat' dir='ltr'><strong>siluiS.</strong></span> <span class='ocrx_word' id='word_1_70' title='bbox 2581 1407 2690 1470; x_wconf 86' lang='lat' dir='ltr'><strong>Sit</strong></span> 
     </span>
     <span class='ocr_line' id='line_1_11' title="bbox 578 1506 2687 1589; baseline -0.001 -19"><span class='ocrx_word' id='word_1_71' title='bbox 578 1526 745 1570; x_wconf 91' lang='lat' dir='ltr'><strong>uero</strong></span> <span class='ocrx_word' id='word_1_72' title='bbox 786 1506 955 1570; x_wconf 88' lang='lat' dir='ltr'><strong>haec</strong></span> <span class='ocrx_word' id='word_1_73' title='bbox 998 1513 1182 1571; x_wconf 88' lang='lat' dir='ltr'><strong>terra</strong></span> <span class='ocrx_word' id='word_1_74' title='bbox 1227 1507 1314 1570; x_wconf 87' lang='lat' dir='ltr'><strong>ab</strong></span> <span class='ocrx_word' id='word_1_75' title='bbox 1348 1507 1535 1571; x_wconf 89' lang='lat' dir='ltr'><strong>omni</strong></span> <span class='ocrx_word' id='word_1_76' title='bbox 1579 1508 1917 1571; x_wconf 89' lang='lat' dir='ltr'><strong>saeculari</strong></span> <span class='ocrx_word' id='word_1_77' title='bbox 1949 1508 2230 1589; x_wconf 84' lang='lat' dir='ltr'><strong>negotio</strong></span> <span class='ocrx_word' id='word_1_78' title='bbox 2270 1506 2511 1583; x_wconf 89' lang='lat' dir='ltr'><strong>libera,</strong></span> <span class='ocrx_word' id='word_1_79' title='bbox 2562 1526 2687 1569; x_wconf 80' lang='lat' dir='ltr'><strong>ex-</strong></span> 
     </span>
     <span class='ocr_line' id='line_1_12' title="bbox 580 1606 2686 1690; baseline 0 -21"><span class='ocrx_word' id='word_1_80' title='bbox 580 1614 786 1688; x_wconf 88' lang='lat' dir='ltr'><strong>cepta</strong></span> <span class='ocrx_word' id='word_1_81' title='bbox 831 1607 1273 1689; x_wconf 84' lang='lat' dir='ltr'><strong>expeditione</strong></span> <span class='ocrx_word' id='word_1_82' title='bbox 1329 1614 1400 1671; x_wconf 92' lang='lat' dir='ltr'><strong>et</strong></span> <span class='ocrx_word' id='word_1_83' title='bbox 1458 1608 1693 1690; x_wconf 89' lang='lat' dir='ltr'><strong>pontis</strong></span> <span class='ocrx_word' id='word_1_84' title='bbox 1756 1627 1837 1672; x_wconf 87' lang='lat' dir='ltr'><strong>ac</strong></span> <span class='ocrx_word' id='word_1_85' title='bbox 1899 1608 2082 1671; x_wconf 90' lang='lat' dir='ltr'><strong>arcis</strong></span> <span class='ocrx_word' id='word_1_86' title='bbox 2145 1606 2686 1671; x_wconf 89' lang='lat' dir='ltr'><strong>constructione.</strong></span> 
     </span>
     <span class='ocr_line' id='line_1_13' title="bbox 581 1705 2687 1790; baseline 0 -20"><span class='ocrx_word' id='word_1_87' title='bbox 581 1706 656 1770; x_wconf 91' lang='lat' dir='ltr'><strong>Si</strong></span> <span class='ocrx_word' id='word_1_88' title='bbox 712 1707 867 1789; x_wconf 91' lang='lat' dir='ltr'><strong>quis</strong></span> <span class='ocrx_word' id='word_1_89' title='bbox 923 1727 1089 1772; x_wconf 89' lang='lat' dir='ltr'><strong>uero</strong></span> <span class='ocrx_word' id='word_1_90' title='bbox 1154 1707 1499 1770; x_wconf 88' lang='lat' dir='ltr'><strong>tirannica</strong></span> <span class='ocrx_word' id='word_1_91' title='bbox 1552 1708 1834 1772; x_wconf 89' lang='lat' dir='ltr'><strong>inflatus</strong></span> <span class='ocrx_word' id='word_1_92' title='bbox 1899 1714 2247 1790; x_wconf 88' lang='lat' dir='ltr'><strong>potestate</strong></span> <span class='ocrx_word' id='word_1_93' title='bbox 2310 1705 2687 1788; x_wconf 84' lang='lat' dir='ltr'><strong>infringere</strong></span> 
     </span>
     <span class='ocr_line' id='line_1_14' title="bbox 578 1807 2687 1890; baseline -0 -19"><span class='ocrx_word' id='word_1_94' title='bbox 578 1808 1021 1890; x_wconf 87' lang='lat' dir='ltr'><strong>temptauerit</strong></span> <span class='ocrx_word' id='word_1_95' title='bbox 1067 1807 1271 1870; x_wconf 90' lang='lat' dir='ltr'><strong>huius</strong></span> <span class='ocrx_word' id='word_1_96' title='bbox 1317 1808 1538 1871; x_wconf 90' lang='lat' dir='ltr'><strong>nostri</strong></span> <span class='ocrx_word' id='word_1_97' title='bbox 1582 1807 1841 1872; x_wconf 84' lang='lat' dir='ltr'><strong>decreti</strong></span> <span class='ocrx_word' id='word_1_98' title='bbox 1887 1808 2351 1890; x_wconf 85' lang='lat' dir='ltr'><strong>cyrografum,</strong></span> <span class='ocrx_word' id='word_1_99' title='bbox 2396 1807 2575 1870; x_wconf 90' lang='lat' dir='ltr'><strong>sciat</strong></span> <span class='ocrx_word' id='word_1_100' title='bbox 2611 1827 2687 1870; x_wconf 91' lang='lat' dir='ltr'><strong>se</strong></span> 
     </span>
     <span class='ocr_line' id='line_1_15' title="bbox 579 1906 2688 1989; baseline -0 -18"><span class='ocrx_word' id='word_1_101' title='bbox 579 1927 811 1971; x_wconf 84' lang='lat' dir='ltr'><strong>coram</strong></span> <span class='ocrx_word' id='word_1_102' title='bbox 864 1906 1144 1971; x_wconf 86' lang='lat' dir='ltr'><strong>Christo</strong></span> <span class='ocrx_word' id='word_1_103' title='bbox 1201 1914 1271 1970; x_wconf 93' lang='lat' dir='ltr'><strong>et</strong></span> <span class='ocrx_word' id='word_1_104' title='bbox 1314 1907 1583 1989; x_wconf 86' lang='lat' dir='ltr'><strong>angelis</strong></span> <span class='ocrx_word' id='word_1_105' title='bbox 1631 1909 1779 1972; x_wconf 90' lang='lat' dir='ltr'><strong>eius</strong></span> <span class='ocrx_word' id='word_1_106' title='bbox 1833 1909 1904 1971; x_wconf 89' lang='lat' dir='ltr'><strong>in</strong></span> <span class='ocrx_word' id='word_1_107' title='bbox 1958 1907 2313 1971; x_wconf 90' lang='lat' dir='ltr'><strong>tremendo</strong></span> <span class='ocrx_word' id='word_1_108' title='bbox 2367 1906 2688 1970; x_wconf 81' lang='lat' dir='ltr'><strong>examine</strong></span> 
     </span>
     <span class='ocr_line' id='line_1_16' title="bbox 579 2007 2683 2090; baseline 0 -20"><span class='ocrx_word' id='word_1_109' title='bbox 579 2008 917 2071; x_wconf 88' lang='lat' dir='ltr'><strong>rationem</strong></span> <span class='ocrx_word' id='word_1_110' title='bbox 975 2007 1428 2085; x_wconf 88' lang='lat' dir='ltr'><strong>redditurum,</strong></span> <span class='ocrx_word' id='word_1_111' title='bbox 1481 2008 1614 2071; x_wconf 91' lang='lat' dir='ltr'><strong>nisi</strong></span> <span class='ocrx_word' id='word_1_112' title='bbox 1679 2007 1790 2072; x_wconf 92' lang='lat' dir='ltr'><strong>hic</strong></span> <span class='ocrx_word' id='word_1_113' title='bbox 1838 2009 2033 2090; x_wconf 88' lang='lat' dir='ltr'><strong>prius</strong></span> <span class='ocrx_word' id='word_1_114' title='bbox 2079 2007 2444 2070; x_wconf 91' lang='lat' dir='ltr'><strong>emendare</strong></span> <span class='ocrx_word' id='word_1_115' title='bbox 2495 2014 2683 2070; x_wconf 88' lang='lat' dir='ltr'><strong>sata-</strong></span> 
     </span>
     <span class='ocr_line' id='line_1_17' title="bbox 577 2106 2680 2188; baseline 0 -18"><span class='ocrx_word' id='word_1_116' title='bbox 577 2108 779 2188; x_wconf 86' lang='lat' dir='ltr'><strong>gerit.</strong></span> <span class='ocrx_word' id='word_1_117' title='bbox 886 2107 1056 2171; x_wconf 91' lang='lat' dir='ltr'><strong>Istis</strong></span> <span class='ocrx_word' id='word_1_118' title='bbox 1098 2107 1408 2172; x_wconf 87' lang='lat' dir='ltr'><strong>terminis</strong></span> <span class='ocrx_word' id='word_1_119' title='bbox 1452 2106 1626 2171; x_wconf 90' lang='lat' dir='ltr'><strong>haec</strong></span> <span class='ocrx_word' id='word_1_120' title='bbox 1662 2108 1869 2172; x_wconf 93' lang='lat' dir='ltr'><strong>tellus</strong></span> <span class='ocrx_word' id='word_1_121' title='bbox 1915 2108 2176 2171; x_wconf 88' lang='lat' dir='ltr'><strong>ambita</strong></span> <span class='ocrx_word' id='word_1_122' title='bbox 2217 2107 2516 2183; x_wconf 89' lang='lat' dir='ltr'><strong>uidetur,</strong></span> <span class='ocrx_word' id='word_1_123' title='bbox 2548 2113 2680 2171; x_wconf 90' lang='lat' dir='ltr'><strong>etc.</strong></span> 
     </span>
     <span class='ocr_line' id='line_1_18' title="bbox 581 2207 2685 2290; baseline 0 -20"><span class='ocrx_word' id='word_1_124' title='bbox 581 2207 780 2271; x_wconf 89' lang='lat' dir='ltr'><strong>Haec</strong></span> <span class='ocrx_word' id='word_1_125' title='bbox 834 2213 1030 2271; x_wconf 88' lang='lat' dir='ltr'><strong>carta</strong></span> <span class='ocrx_word' id='word_1_126' title='bbox 1079 2208 1341 2290; x_wconf 87' lang='lat' dir='ltr'><strong>scripta</strong></span> <span class='ocrx_word' id='word_1_127' title='bbox 1375 2214 1483 2271; x_wconf 92' lang='lat' dir='ltr'><strong>est</strong></span> <span class='ocrx_word' id='word_1_128' title='bbox 1533 2227 1714 2272; x_wconf 90' lang='lat' dir='ltr'><strong>anno</strong></span> <span class='ocrx_word' id='word_1_129' title='bbox 1763 2208 2147 2273; x_wconf 89' lang='lat' dir='ltr'><strong>dominicae</strong></span> <span class='ocrx_word' id='word_1_130' title='bbox 2185 2207 2685 2270; x_wconf 89' lang='lat' dir='ltr'><strong>incarnationis</strong></span> 
     </span>
     <span class='ocr_line' id='line_1_19' title="bbox 578 2308 1586 2373; baseline -0.001 0"><span class='ocrx_word' id='word_1_131' title='bbox 578 2325 948 2373; x_wconf 67' lang='lat' dir='ltr'><strong>ncccchvl.</strong></span> <span class='ocrx_word' id='word_1_132' title='bbox 982 2308 1353 2371; x_wconf 87' lang='lat' dir='ltr'><strong>indictione</strong></span> <span class='ocrx_word' id='word_1_133' title='bbox 1391 2325 1586 2372; x_wconf 87' lang='lat' dir='ltr'><strong>x1111.</strong></span> 
     </span>
    </p>

    <p class='ocr_par' dir='ltr' id='par_1_3' title="bbox 562 2406 2682 4078">
     <span class='ocr_line' id='line_1_20' title="bbox 689 2406 2682 2491; baseline -0.002 -19"><span class='ocrx_word' id='word_1_134' title='bbox 689 2411 766 2491; x_wconf 74' lang='lat'><strong>›1‹</strong></span> <span class='ocrx_word' id='word_1_135' title='bbox 797 2409 952 2490; x_wconf 84' lang='lat' dir='ltr'><strong>Ego</strong></span> <span class='ocrx_word' id='word_1_136' title='bbox 981 2408 1305 2490; x_wconf 84' lang='lat' dir='ltr'><strong>Eaduuig</strong></span> <span class='ocrx_word' id='word_1_137' title='bbox 1340 2428 1463 2471; x_wconf 88' lang='lat' dir='ltr'><strong>rex</strong></span> <span class='ocrx_word' id='word_1_138' title='bbox 1485 2407 1877 2490; x_wconf 85' lang='lat' dir='ltr'><strong>Anglorum</strong></span> <span class='ocrx_word' id='word_1_139' title='bbox 1910 2406 2486 2471; x_wconf 87' lang='lat' dir='ltr'><strong>indeclinabiliter</strong></span> <span class='ocrx_word' id='word_1_140' title='bbox 2517 2426 2682 2470; x_wconf 91' lang='lat' dir='ltr'><strong>con-</strong></span> 
     </span>
     <span class='ocr_line' id='line_1_21' title="bbox 576 2507 2678 2591; baseline -0.001 -16"><span class='ocrx_word' id='word_1_141' title='bbox 576 2511 775 2575; x_wconf 89' lang='lat' dir='ltr'><strong>cessi.</strong></span> <span class='ocrx_word' id='word_1_142' title='bbox 894 2511 971 2591; x_wconf 73' lang='lat'><strong>›1‹</strong></span> <span class='ocrx_word' id='word_1_143' title='bbox 1004 2508 1156 2591; x_wconf 84' lang='lat' dir='ltr'><strong>Ego</strong></span> <span class='ocrx_word' id='word_1_144' title='bbox 1193 2508 1474 2591; x_wconf 85' lang='lat' dir='ltr'><strong>Eadgar</strong></span> <span class='ocrx_word' id='word_1_145' title='bbox 1507 2508 1813 2573; x_wconf 87' lang='lat' dir='ltr'><strong>eiusdem</strong></span> <span class='ocrx_word' id='word_1_146' title='bbox 1858 2507 2044 2590; x_wconf 82' lang='lat' dir='ltr'><strong>regis</strong></span> <span class='ocrx_word' id='word_1_147' title='bbox 2080 2507 2296 2572; x_wconf 87' lang='lat' dir='ltr'><strong>frater</strong></span> <span class='ocrx_word' id='word_1_148' title='bbox 2337 2508 2678 2572; x_wconf 90' lang='lat' dir='ltr'><strong>consensi.</strong></span> 
     </span>
     <span class='ocr_line' id='line_1_22' title="bbox 587 2608 2681 2692; baseline -0.001 -19"><span class='ocrx_word' id='word_1_149' title='bbox 587 2612 664 2692; x_wconf 73' lang='lat'><strong>›1‹</strong></span> <span class='ocrx_word' id='word_1_150' title='bbox 701 2610 852 2691; x_wconf 81' lang='lat' dir='ltr'><strong>Ego</strong></span> <span class='ocrx_word' id='word_1_151' title='bbox 889 2608 1046 2673; x_wconf 90' lang='lat' dir='ltr'><strong>Oda</strong></span> <span class='ocrx_word' id='word_1_152' title='bbox 1073 2609 1632 2692; x_wconf 90' lang='lat' dir='ltr'><strong>archiepiscopus</strong></span> <span class='ocrx_word' id='word_1_153' title='bbox 1676 2629 1835 2673; x_wconf 92' lang='lat' dir='ltr'><strong>cum</strong></span> <span class='ocrx_word' id='word_1_154' title='bbox 1885 2610 2086 2691; x_wconf 84' lang='lat' dir='ltr'><strong>signo</strong></span> <span class='ocrx_word' id='word_1_155' title='bbox 2122 2616 2407 2673; x_wconf 90' lang='lat' dir='ltr'><strong>sanctae</strong></span> <span class='ocrx_word' id='word_1_156' title='bbox 2455 2609 2681 2672; x_wconf 92' lang='lat' dir='ltr'><strong>crucis</strong></span> 
     </span>
     <span class='ocr_line' id='line_1_23' title="bbox 586 2707 2681 2796; baseline -0.001 -23"><span class='ocrx_word' id='word_1_157' title='bbox 586 2712 665 2796; x_wconf 74' lang='lat'><strong>›1‹</strong></span> <span class='ocrx_word' id='word_1_158' title='bbox 697 2711 1164 2774; x_wconf 88' lang='lat' dir='ltr'><strong>corroboraui.</strong></span> <span class='ocrx_word' id='word_1_159' title='bbox 1300 2711 1377 2791; x_wconf 73' lang='lat'><strong>›1‹</strong></span> <span class='ocrx_word' id='word_1_160' title='bbox 1409 2709 1564 2791; x_wconf 86' lang='lat' dir='ltr'><strong>Ego</strong></span> <span class='ocrx_word' id='word_1_161' title='bbox 1623 2710 1965 2773; x_wconf 86' lang='lat' dir='ltr'><strong>AElfsinus</strong></span> <span class='ocrx_word' id='word_1_162' title='bbox 2031 2709 2309 2791; x_wconf 90' lang='lat' dir='ltr'><strong>praesul</strong></span> <span class='ocrx_word' id='word_1_163' title='bbox 2371 2707 2681 2790; x_wconf 84' lang='lat' dir='ltr'><strong>sigillum</strong></span> 
     </span>
     <span class='ocr_line' id='line_1_24' title="bbox 574 2807 2679 2896; baseline -0.001 -22"><span class='ocrx_word' id='word_1_164' title='bbox 574 2830 797 2896; x_wconf 84' lang='lat' dir='ltr'><strong>agyae</strong></span> <span class='ocrx_word' id='word_1_165' title='bbox 849 2811 1073 2874; x_wconf 90' lang='lat' dir='ltr'><strong>crucis</strong></span> <span class='ocrx_word' id='word_1_166' title='bbox 1119 2811 1196 2891; x_wconf 73' lang='lat'><strong>›1‹</strong></span> <span class='ocrx_word' id='word_1_167' title='bbox 1238 2810 1577 2893; x_wconf 89' lang='lat' dir='ltr'><strong>impressi.</strong></span> <span class='ocrx_word' id='word_1_168' title='bbox 1696 2811 1773 2891; x_wconf 73' lang='lat'><strong>›1‹</strong></span> <span class='ocrx_word' id='word_1_169' title='bbox 1804 2809 1958 2891; x_wconf 84' lang='lat' dir='ltr'><strong>Ego</strong></span> <span class='ocrx_word' id='word_1_170' title='bbox 2006 2807 2368 2873; x_wconf 86' lang='lat' dir='ltr'><strong>Cenuuald</strong></span> <span class='ocrx_word' id='word_1_171' title='bbox 2412 2809 2679 2891; x_wconf 89' lang='lat' dir='ltr'><strong>episco-</strong></span> 
     </span>
     <span class='ocr_line' id='line_1_25' title="bbox 572 2908 2678 2993; baseline -0.001 -19"><span class='ocrx_word' id='word_1_172' title='bbox 572 2930 703 2993; x_wconf 90' lang='lat' dir='ltr'><strong>pus</strong></span> <span class='ocrx_word' id='word_1_173' title='bbox 773 2911 1204 2993; x_wconf 86' lang='lat' dir='ltr'><strong>consignaui.</strong></span> <span class='ocrx_word' id='word_1_174' title='bbox 1336 2912 1415 2991; x_wconf 71' lang='lat'><strong>›1‹</strong></span> <span class='ocrx_word' id='word_1_175' title='bbox 1445 2911 1600 2992; x_wconf 82' lang='lat' dir='ltr'><strong>Ego</strong></span> <span class='ocrx_word' id='word_1_176' title='bbox 1663 2908 1949 2992; x_wconf 84' lang='lat' dir='ltr'><strong>Oscytel</strong></span> <span class='ocrx_word' id='word_1_177' title='bbox 2015 2909 2383 2991; x_wconf 90' lang='lat' dir='ltr'><strong>episcopus</strong></span> <span class='ocrx_word' id='word_1_178' title='bbox 2429 2908 2678 2972; x_wconf 88' lang='lat' dir='ltr'><strong>confir-</strong></span> 
     </span>
     <span class='ocr_line' id='line_1_26' title="bbox 574 3007 2679 3093; baseline -0.001 -18"><span class='ocrx_word' id='word_1_179' title='bbox 574 3011 782 3075; x_wconf 89' lang='lat' dir='ltr'><strong>maui.</strong></span> <span class='ocrx_word' id='word_1_180' title='bbox 900 3013 977 3093; x_wconf 74' lang='lat'><strong>›1‹</strong></span> <span class='ocrx_word' id='word_1_181' title='bbox 1013 3011 1166 3093; x_wconf 85' lang='lat' dir='ltr'><strong>Ego</strong></span> <span class='ocrx_word' id='word_1_182' title='bbox 1222 3009 1437 3074; x_wconf 86' lang='lat' dir='ltr'><strong>Osulf</strong></span> <span class='ocrx_word' id='word_1_183' title='bbox 1494 3010 1864 3093; x_wconf 93' lang='lat' dir='ltr'><strong>episcopus</strong></span> <span class='ocrx_word' id='word_1_184' title='bbox 1928 3007 2277 3091; x_wconf 91' lang='lat' dir='ltr'><strong>adquieui.</strong></span> <span class='ocrx_word' id='word_1_185' title='bbox 2410 3010 2489 3089; x_wconf 72' lang='lat'><strong>›1‹</strong></span> <span class='ocrx_word' id='word_1_186' title='bbox 2524 3008 2679 3089; x_wconf 84' lang='lat' dir='ltr'><strong>Ego</strong></span> 
     </span>
     <span class='ocr_line' id='line_1_27' title="bbox 575 3107 2680 3194; baseline -0.001 -20"><span class='ocrx_word' id='word_1_187' title='bbox 575 3110 986 3194; x_wconf 87' lang='lat' dir='ltr'><strong>Byrhthelm</strong></span> <span class='ocrx_word' id='word_1_188' title='bbox 1083 3112 1449 3194; x_wconf 90' lang='lat' dir='ltr'><strong>episcopus</strong></span> <span class='ocrx_word' id='word_1_189' title='bbox 1535 3130 1675 3174; x_wconf 94' lang='lat' dir='ltr'><strong>non</strong></span> <span class='ocrx_word' id='word_1_190' title='bbox 1756 3109 1974 3173; x_wconf 90' lang='lat' dir='ltr'><strong>renui.</strong></span> <span class='ocrx_word' id='word_1_191' title='bbox 2122 3110 2201 3189; x_wconf 71' lang='lat'><strong>›1‹</strong></span> <span class='ocrx_word' id='word_1_192' title='bbox 2267 3108 2422 3189; x_wconf 83' lang='lat' dir='ltr'><strong>Ego</strong></span> <span class='ocrx_word' id='word_1_193' title='bbox 2499 3107 2680 3172; x_wconf 86' lang='lat' dir='ltr'><strong>AElf-</strong></span> 
     </span>
     <span class='ocr_line' id='line_1_28' title="bbox 571 3207 2677 3295; baseline -0.001 -21"><span class='ocrx_word' id='word_1_194' title='bbox 571 3211 786 3274; x_wconf 91' lang='lat' dir='ltr'><strong>uuold</strong></span> <span class='ocrx_word' id='word_1_195' title='bbox 852 3212 1218 3295; x_wconf 90' lang='lat' dir='ltr'><strong>episcopus</strong></span> <span class='ocrx_word' id='word_1_196' title='bbox 1279 3211 1619 3275; x_wconf 91' lang='lat' dir='ltr'><strong>consensi.</strong></span> <span class='ocrx_word' id='word_1_197' title='bbox 1735 3210 1812 3290; x_wconf 74' lang='lat'><strong>›1‹</strong></span> <span class='ocrx_word' id='word_1_198' title='bbox 1844 3209 1995 3291; x_wconf 87' lang='lat' dir='ltr'><strong>Ego</strong></span> <span class='ocrx_word' id='word_1_199' title='bbox 2052 3207 2271 3293; x_wconf 67' lang='lat' dir='ltr'><strong>Apuli*</strong></span> <span class='ocrx_word' id='word_1_200' title='bbox 2309 3208 2677 3291; x_wconf 91' lang='lat' dir='ltr'><strong>episcopus</strong></span> 
     </span>
     <span class='ocr_line' id='line_1_29' title="bbox 568 3308 2678 3391; baseline -0.002 -15"><span class='ocrx_word' id='word_1_201' title='bbox 568 3311 899 3376; x_wconf 89' lang='lat' dir='ltr'><strong>conclusi.</strong></span> <span class='ocrx_word' id='word_1_202' title='bbox 1073 3312 1152 3391; x_wconf 72' lang='lat'><strong>›1‹</strong></span> <span class='ocrx_word' id='word_1_203' title='bbox 1210 3308 1569 3375; x_wconf 58' lang='lat' dir='ltr'><strong>AEoelstan</strong></span> <span class='ocrx_word' id='word_1_204' title='bbox 1645 3309 1813 3373; x_wconf 83' lang='lat' dir='ltr'><strong>dux.</strong></span> <span class='ocrx_word' id='word_1_205' title='bbox 1955 3309 2032 3389; x_wconf 74' lang='lat'><strong>›1‹</strong></span> <span class='ocrx_word' id='word_1_206' title='bbox 2071 3308 2436 3373; x_wconf 89' lang='lat' dir='ltr'><strong>Eadmund</strong></span> <span class='ocrx_word' id='word_1_207' title='bbox 2506 3308 2678 3372; x_wconf 84' lang='lat' dir='ltr'><strong>dux.</strong></span> 
     </span>
     <span class='ocr_line' id='line_1_30' title="bbox 578 3408 2680 3496; baseline -0.002 -21"><span class='ocrx_word' id='word_1_208' title='bbox 578 3414 655 3496; x_wconf 73' lang='lat'><strong>›1‹</strong></span> <span class='ocrx_word' id='word_1_209' title='bbox 703 3410 1064 3476; x_wconf 58' lang='lat' dir='ltr'><strong>AEoelstan</strong></span> <span class='ocrx_word' id='word_1_210' title='bbox 1130 3410 1299 3474; x_wconf 83' lang='lat' dir='ltr'><strong>dux.</strong></span> <span class='ocrx_word' id='word_1_211' title='bbox 1441 3412 1520 3491; x_wconf 71' lang='lat'><strong>›1‹</strong></span> <span class='ocrx_word' id='word_1_212' title='bbox 1566 3410 1885 3474; x_wconf 87' lang='lat' dir='ltr'><strong>AElfhere</strong></span> <span class='ocrx_word' id='word_1_213' title='bbox 1967 3409 2133 3472; x_wconf 87' lang='lat' dir='ltr'><strong>dux.</strong></span> <span class='ocrx_word' id='word_1_214' title='bbox 2264 3410 2341 3490; x_wconf 73' lang='lat'><strong>›1‹</strong></span> <span class='ocrx_word' id='word_1_215' title='bbox 2381 3408 2680 3489; x_wconf 78' lang='lat' dir='ltr'><strong>AElfsig&#39;e</strong></span> 
     </span>
     <span class='ocr_line' id='line_1_31' title="bbox 571 3509 2672 3593; baseline -0.001 -18"><span class='ocrx_word' id='word_1_216' title='bbox 571 3513 739 3576; x_wconf 85' lang='lat' dir='ltr'><strong>dux.</strong></span> <span class='ocrx_word' id='word_1_217' title='bbox 888 3514 967 3593; x_wconf 71' lang='lat'><strong>›1‹</strong></span> <span class='ocrx_word' id='word_1_218' title='bbox 1028 3509 1442 3575; x_wconf 59' lang='lat' dir='ltr'><strong>AEsselmund</strong></span> <span class='ocrx_word' id='word_1_219' title='bbox 1504 3509 1672 3573; x_wconf 86' lang='lat' dir='ltr'><strong>dux.</strong></span> <span class='ocrx_word' id='word_1_220' title='bbox 1818 3510 1897 3589; x_wconf 71' lang='lat'><strong>›1‹</strong></span> <span class='ocrx_word' id='word_1_221' title='bbox 1954 3509 2253 3590; x_wconf 85' lang='lat' dir='ltr'><strong>AElfsige</strong></span> <span class='ocrx_word' id='word_1_222' title='bbox 2336 3509 2672 3573; x_wconf 85' lang='lat' dir='ltr'><strong>minister.</strong></span> 
     </span>
     <span class='ocr_line' id='line_1_32' title="bbox 583 3609 2664 3696; baseline -0.002 -20"><span class='ocrx_word' id='word_1_223' title='bbox 583 3614 660 3694; x_wconf 73' lang='lat'><strong>›1‹</strong></span> <span class='ocrx_word' id='word_1_224' title='bbox 714 3610 1088 3677; x_wconf 86' lang='lat' dir='ltr'><strong>AElfheach</strong></span> <span class='ocrx_word' id='word_1_225' title='bbox 1167 3611 1498 3675; x_wconf 86' lang='lat' dir='ltr'><strong>minister.</strong></span> <span class='ocrx_word' id='word_1_226' title='bbox 1657 3612 1736 3696; x_wconf 75' lang='lat'><strong>*¹⁴</strong></span> <span class='ocrx_word' id='word_1_227' title='bbox 1780 3609 2030 3673; x_wconf 90' lang='lat' dir='ltr'><strong>Wlsric</strong></span> <span class='ocrx_word' id='word_1_228' title='bbox 2107 3609 2475 3687; x_wconf 55' lang='lat' dir='ltr'><strong>minister„</strong></span> <span class='ocrx_word' id='word_1_229' title='bbox 2585 3610 2664 3689; x_wconf 55' lang='grc' dir='ltr'>ᾧ</span> 
     </span>
     <span class='ocr_line' id='line_1_33' title="bbox 572 3707 2665 3795; baseline -0.002 -18"><span class='ocrx_word' id='word_1_230' title='bbox 572 3710 1010 3795; x_wconf 62' lang='grc' dir='ltr'><strong>Εὔθίςθειτᾶ.</strong></span> <span class='ocrx_word' id='word_1_231' title='bbox 1128 3713 1205 3793; x_wconf 73' lang='lat'><strong>›1‹</strong></span> <span class='ocrx_word' id='word_1_232' title='bbox 1242 3710 1626 3775; x_wconf 88' lang='lat' dir='ltr'><strong>AElfuuold.</strong></span> <span class='ocrx_word' id='word_1_233' title='bbox 1742 3712 1819 3792; x_wconf 73' lang='lat'><strong>›1‹</strong></span> <span class='ocrx_word' id='word_1_234' title='bbox 1844 3708 2115 3775; x_wconf 91' lang='lat' dir='ltr'><strong>AElfric.</strong></span> <span class='ocrx_word' id='word_1_235' title='bbox 2232 3710 2309 3790; x_wconf 73' lang='lat'><strong>›1‹</strong></span> <span class='ocrx_word' id='word_1_236' title='bbox 2340 3707 2665 3789; x_wconf 84' lang='lat' dir='ltr'><strong>AElfsige.</strong></span> 
     </span>
     <span class='ocr_line' id='line_1_34' title="bbox 579 3806 2672 3895; baseline -0.003 -18"><span class='ocrx_word' id='word_1_237' title='bbox 579 3815 656 3895; x_wconf 73' lang='lat'><strong>›1‹</strong></span> <span class='ocrx_word' id='word_1_238' title='bbox 688 3812 989 3895; x_wconf 84' lang='lat' dir='ltr'><strong>AElfgar.</strong></span> <span class='ocrx_word' id='word_1_239' title='bbox 1102 3814 1179 3894; x_wconf 70' lang='lat'><strong>›1‹</strong></span> <span class='ocrx_word' id='word_1_240' title='bbox 1214 3809 1607 3894; x_wconf 69' lang='lat' dir='ltr'><strong>Byrhtfeffi.</strong></span> <span class='ocrx_word' id='word_1_241' title='bbox 1724 3812 1801 3892; x_wconf 73' lang='lat'><strong>›1‹</strong></span> <span class='ocrx_word' id='word_1_242' title='bbox 1832 3806 2270 3873; x_wconf 60' lang='lat' dir='ltr'><strong>AEsseluuold.</strong></span> <span class='ocrx_word' id='word_1_243' title='bbox 2384 3810 2463 3889; x_wconf 71' lang='lat'><strong>›1‹</strong></span> <span class='ocrx_word' id='word_1_244' title='bbox 2490 3807 2672 3871; x_wconf 85' lang='lat' dir='ltr'><strong>AElf-</strong></span> 
     </span>
     <span class='ocr_line' id='line_1_35' title="bbox 566 3907 2673 3994; baseline -0.003 -18"><span class='ocrx_word' id='word_1_245' title='bbox 566 3914 738 3994; x_wconf 84' lang='lat' dir='ltr'><strong>sige.</strong></span> <span class='ocrx_word' id='word_1_246' title='bbox 884 3914 961 3994; x_wconf 73' lang='lat'><strong>›1‹</strong></span> <span class='ocrx_word' id='word_1_247' title='bbox 1008 3910 1391 3979; x_wconf 88' lang='lat' dir='ltr'><strong>AElfuuine.</strong></span> <span class='ocrx_word' id='word_1_248' title='bbox 1528 3914 1605 3994; x_wconf 73' lang='lat'><strong>›1‹</strong></span> <span class='ocrx_word' id='word_1_249' title='bbox 1650 3909 1998 3992; x_wconf 86' lang='lat' dir='ltr'><strong>Wulfgar.</strong></span> <span class='ocrx_word' id='word_1_250' title='bbox 2134 3911 2213 3990; x_wconf 71' lang='lat'><strong>›1‹</strong></span> <span class='ocrx_word' id='word_1_251' title='bbox 2249 3907 2501 3972; x_wconf 89' lang='lat' dir='ltr'><strong>Eadric</strong></span> <span class='ocrx_word' id='word_1_252' title='bbox 2545 3908 2673 3970; x_wconf 92' lang='lat' dir='ltr'><strong>mi-</strong></span> 
     </span>
     <span class='ocr_line' id='line_1_36' title="bbox 562 4014 784 4078; baseline 0.005 -2"><span class='ocrx_word' id='word_1_253' title='bbox 562 4014 784 4078; x_wconf 90' lang='lat' dir='ltr'><strong>nistri.</strong></span> 
     </span>
    </p>
   </div>
  </div>
 </body>
</html>
