3044 5019
572 395 704 459 360
1090 409 1434 457 CHARTAE
1480 407 2167 455 ANGLosAxochn.

1314 609 1950 730 ecchxxxl.

1316 784 1761 889 ΕᾸΒΟἉΒ,
1804 811 1955 875 960.

910 961 1139 1040 QUAM
1193 961 1301 1025 uis
1350 963 1532 1025 enim
1569 960 1906 1041 regalium
1950 957 2369 1040 dignitatum
2409 959 2688 1021 decreta

596 969 799 1225 Ε
810 1070 881 1125 et
915 1061 1370 1125 saluberrima
1414 1079 1785 1143 regnorum
1832 1058 2122 1122 consilia
2154 1065 2476 1122 manente
2507 1060 2685 1120 'imu-

813 1161 1053 1225 nitatis
1074 1160 1384 1243 singrafa
1400 1159 1656 1242 iugiter
1676 1158 1822 1223 fixa
1844 1158 2177 1241 firmaque
2208 1165 2653 1241 perseuerent
2669 1204 2691 1222 .

592 1261 918 1326 adtamen
974 1262 1139 1342 quia
1202 1259 1577 1343 nonunqu5
1623 1264 2072 1341 tempestates
2123 1264 2194 1321 et
2243 1257 2482 1320 mundi
2539 1265 2689 1320 tur-

588 1363 785 1425 bines
816 1361 1134 1441 fragilem
1170 1361 1315 1426 uite
1360 1379 1638 1425 cursum
1676 1359 1978 1422 humane
2031 1358 2389 1440 pulsantes
2446 1363 2693 1421 contra

590 1462 829 1524 diuina
862 1480 1179 1543 supernae
1210 1458 1685 1524 affirmationis
1731 1477 1814 1522 ac
1857 1457 2172 1539 legitima
2203 1458 2358 1520 iura
2386 1456 2689 1524 illidunt.

594 1561 867 1624 Idcirco
921 1559 1158 1624 ordine
1202 1560 1590 1624 litterarum
1639 1577 1721 1622 ac
1770 1564 2119 1622 cartarum
2174 1555 2472 1620 scedulis
2530 1562 2695 1619 sunt

594 1660 986 1724 roboranda
1053 1681 1139 1724 ne
1209 1659 1500 1724 fortuitu
1573 1677 1736 1722 casu
1796 1675 2268 1722 successorum
2325 1656 2705 1738 progenies
2804 1663 2809 1666 ’

592 1767 1024 1841 posterorum
1054 1760 1374 1840 ignorato
1410 1757 1923 1841 precedentium
1955 1763 2233 1838 patrum
2281 1754 2693 1837 cirographo

593 1858 1141 1922 inextricabilem
1204 1857 1665 1922 horendorum
1729 1854 2213 1920 barathrorum
2286 1855 2695 1935 uoraginem

595 1959 920 2021 incurrat.
1027 1956 1470 2041 Quapropter
1502 1975 1634 2037 ego
1675 2003 1691 2019 .
1716 1955 1999 2036 Eadgar
2018 2001 2032 2016 .
2068 1955 2284 2018 totius
2327 1955 2695 2018 britanniae

598 2057 1018 2138 gubernator
1076 2063 1148 2119 et
1211 2064 1438 2120 rector
1500 2054 1774 2119 cuidam
1836 2054 2152 2118 ministro
2196 2054 2317 2136 qui
2362 2073 2406 2117 a
2453 2052 2694 2136 peritis

603 2155 933 2219 ‚Wulfric
961 2201 976 2218 .
1015 2152 1483 2241 appella[tu]r
1515 2155 1859 2219 uocabulo
1887 2173 2049 2217 rura
2080 2173 2214 2235 que
2247 2155 2312 2217 ei
2342 2154 2429 2217 ob
2463 2154 2704 2217 cuius-,-

602 2255 690 2318 da
738 2255 1137 2318 offensaculi
1191 2275 1404 2320 causa
1458 2254 1830 2319 interdicta
1882 2254 2161 2317 fuerant
2203 2252 2699 2336 perpetualiter

602 2355 894 2419 restituo
941 2362 1270 2419 aeternam
1322 2356 1714 2419 libertatem
1758 2352 2140 2418 concedens
2179 2353 2507 2434 quatinus
2550 2353 2697 2433 ipse

604 2453 958 2538 quandiu
939 2473 1012 2517 m
1044 2454 1176 2520 hoc
1215 2454 1492 2520 mortali
1527 2454 1841 2537 deguerit
1882 2452 2184 2536 sec[u]lo
2219 2453 2368 2518 sine
2409 2452 2699 2517 alicuius

603 2555 883 2618 honeris
915 2556 1263 2635 grauitate
1311 2549 1612 2619 liberalit
1662 2554 2015 2637 possideat
2058 2560 2127 2616 et
2168 2560 2330 2635 post
2381 2570 2505 2616 sue
2559 2553 2701 2616 uite

606 2655 869 2719 obitum
914 2655 1459 2738 quibuscumque
1503 2655 1636 2718 sibi
1679 2653 2043 2736 placuerit
2061 2653 2425 2716 heredibus
2459 2618 2698 2716 i¹'⁴-'ncon

606 2753 943 2817 taminata
971 2753 1452 2837 derelinquat.
1490 2754 1616 2818 hec
1650 2760 1720 2817 et
1749 2753 1930 2817 enim
1974 2759 2138 2817 sunt
2179 2759 2518 2817 terrarum
2545 2752 2700 2815 illa-

608 2874 760 2917 rum
834 2855 1114 2918 nomina
1190 2874 1325 2937 que
1388 2873 1513 2917 rex
1587 2853 1898 2937 prefatus
1946 2852 2288 2917 Wulfrico
2363 2845 2704 2916 aeternalit

608 2954 932 3018 liberauit
965 3002 980 3017 .
1019 2953 1460 3018 aeScesburuh
1499 3004 1515 3020 .
1539 2977 1583 3045 7
1614 2951 2080 3036 deniceswyrb
2116 3001 2132 3016 .
2167 2951 2539 3034 garansord
2568 2999 2584 3015 .
2605 2951 2701 3014 ci-

611 3053 844 3118 faulea
887 3102 903 3118 .
951 3061 1294 3118 stanmere
1332 3102 1349 3118 .
1375 3051 1910 3136 ‘ceadelanwyffi
1955 3101 1970 3116 .
2006 3054 2322 3117 boxoran
2352 3101 2370 3116 .
2396 3053 2700 3115 bennan-

612 3153 772 3216 ham
798 3201 814 3216 .
831 3154 1211 3235 wyrtingas
1242 3202 1259 3218 .
1280 3155 1726 3218 ticceburnan
1749 3201 1764 3216 .
1786 3152 2242 3217 steddanham
2265 3201 2281 3216 .
2296 3140 2702 3233 tullingtun.

614 3252 1005 3334 paeccingas
1034 3300 1048 3316 .
1068 3253 1414 3334 puningas
1443 3301 1458 3316 .
1483 3253 1829 3316 intimbre.
1914 3252 1988 3316 Si
2016 3252 2171 3336 quis
2202 3251 2495 3334 denique
2524 3251 2706 3333 quod

616 3370 755 3415 non
795 3358 1118 3431 optamus
1159 3350 1337 3415 hanc
1383 3372 1574 3416 nram
1624 3353 2013 3417 libertatem
2045 3350 2445 3435 cupiditatis
2492 3350 2710 3413 liuore

617 3451 923 3532 depressi
982 3452 1245 3516 uiolare
1311 3453 1700 3534 satagerint
1757 3452 2085 3533 agminib3
2145 3458 2322 3515 tetre
2393 3449 2709 3532 caliginis

617 3550 796 3631 lapsi
858 3571 1099 3614 uocem
1150 3551 1437 3616 audiant
1490 3552 2026 3616 examinationis
2081 3551 2193 3614 die
2243 3519 2519 3614 arbitris
2580 3549 2711 3612 sibi

619 3649 954 3712 dicentis·
980 3650 1308 3715 discedite
1349 3672 1392 3716 a
1434 3673 1544 3716 me
1594 3651 1945 3715 maledicti
1984 3652 2053 3714 in
2096 3652 2326 3731 ignem
2377 3656 2708 3713 aeternum

621 3748 740 3811 ubi
801 3766 957 3810 cum
1018 3749 1418 3815 demonibus
1480 3751 1718 3815 ferreis
1780 3751 2184 3833 sartaginib3
2249 3749 2509 3814 crudeli
2567 3755 2706 3812 tor-

622 3854 966 3928 queantur
1026 3849 1097 3911 in
1161 3870 1387 3932 poena
1448 3852 1508 3914 si
1559 3871 1698 3915 non
1745 3858 1906 3915 ante
1961 3857 2252 3914 mortem
2310 3849 2525 3930 digna
2583 3847 2712 3911 hoc

545 4026 560 4031 ἐ
620 3947 1134 4013 emendauerint
1165 3950 1615 4032 poenitentia.
1721 3951 1935 4014 Dedit
1970 3951 2152 4013 enim
2190 3948 2540 4031 predictus
2585 3948 2711 4010 mi-

620 4047 835 4110 nister
860 4049 1008 4129 regi
1039 4051 1309 4131 prefato
1342 4051 1549 4113 centii
1598 4068 1707 4114 xx
1755 4069 2123 4114 mancusas
2173 4049 2322 4113 auri
2372 4047 2714 4131 probatis-

620 4147 773 4209 simi
836 4167 1049 4212 causa
1114 4149 1317 4213 huius
1378 4148 1740 4214 libertatis,
1878 4149 2220 4232 Scri[p]ta
2284 4196 2299 4213 .
2326 4151 2363 4210 ἕ
2391 4196 2406 4211 .
2481 4166 2710 4229 namq.
