3044 5019
2539 374 2600 389 ’,-
2625 374 2674 389 Ἦ

553 380 689 445 338
1078 392 1425 440 caan-ran
1470 391 2158 442 Ancmssxomcan.
2415 373 2434 377 “
2493 419 2503 425 -
2599 404 2684 449 -ψς

565 553 779 618 dialia
832 549 1083 614 friuola
1127 570 1282 613 esse
1322 552 1498 613 satis
1538 552 1946 629 ostenderit,
1995 562 2068 615 et
2111 555 2365 616 mentis
2409 563 2693 636 pertur-

570 655 943 727 bationem,
996 670 1122 713 cur
1168 650 1559 713 anhelando
1611 652 1860 714 nititur
1898 653 2151 734 cupido
2199 653 2486 716 humani
2534 675 2696 718 mo-

571 754 827 819 liminis
870 751 1225 833 possidere
1268 771 1355 814 ea
1395 771 1579 832 quae
1619 751 1814 815 uelut
1859 754 2106 815 umbra
2158 762 2523 817 transeunt
2565 775 2696 817 ne-

574 871 924 936 quaquam
956 853 1369 914 reuersura‘l
1474 851 1612 913 Sed
1644 872 1727 914 eo
1755 852 2151 915 festinatius
2189 853 2537 935 proficisci
2563 854 2692 916 ad-

574 952 992 1034 grediamur,
1038 969 1179 1039 quo
1234 950 1440 1013 finem
1472 950 1711 1013 mundi
1752 952 1894 1014 iam
1927 952 2272 1015 credimus
2311 956 2692 1036 appropin-

576 1071 876 1136 quasse3
928 1050 1111 1113 unde
1146 1049 1453 1125 Ueritas,
1485 1049 1863 1114 Ambulate
1895 1051 2062 1114 dum
2105 1052 2333 1115 lucem
2370 1052 2690 1117 habetis:

578 1161 652 1216 et
698 1150 1081 1233 apostolus,
1135 1148 1338 1226 Quae
1387 1168 1661 1211 sursum
1713 1159 1880 1213 sunt
1925 1153 2263 1232 quaerite,
2321 1172 2462 1216 non
2511 1173 2695 1234 quae

578 1271 790 1333 super
811 1258 1088 1312 terram.
1154 1247 1503 1325 Quocirca
1532 1268 1666 1329 ego
1695 1249 2014 1332 Eadwig,
2043 1251 2349 1315 basileus
2368 1251 2694 1316 Albionis

579 1348 1021 1423 monarchae,
1054 1348 1226 1410 uiris
1286 1347 1822 1411 aecclesiasticis
1866 1368 2036 1432 prae
2068 1353 2363 1414 caeteris
2411 1372 2696 1434 operam

582 1448 978 1532 impendere
1011 1448 1311 1526 curabo;
1358 1448 1690 1530 quatinus
1724 1450 1990 1511 meritis
2027 1458 2110 1512 et*
2135 1453 2456 1533 precibus
2487 1472 2694 1516 sanc-

583 1559 812 1614 torum
845 1567 1083 1611 eorum
1118 1566 1403 1609 numero
1424 1566 1693 1610 merear
1714 1548 2044 1630 coniungi
2074 1551 2149 1613 in
2177 1550 2414 1614 coelis.
2487 1551 2696 1615 Unde

584 1660 655 1713 et
703 1667 984 1711 mansas
1037 1664 1128 1711 Ν.
1183 1653 1298 1710 aet
1336 1646 1729 1711 AElsestune
1769 1654 1841 1711 et
1887 1649 2064 1711 alias
2116 1667 2208 1714 Ν.
2252 1669 2535 1714 mansas
2578 1660 2698 1716 aet

588 1750 951 1824 AEsctune,
985 1766 1161 1828 quas
1196 1747 1532 1827 patruelis
1565 1767 1758 1810 meus
1790 1749 2149 1832 AEpelstan
2181 1771 2310 1814 rex
2343 1751 2696 1814 obtulerat

582 1849 961 1913 aecclesiae
1003 1847 1189 1909 beati
1222 1845 1419 1909 Petri
1449 1848 1925 1929 apostolorum
1953 1849 2310 1933 principiS,
2342 1871 2524 1933 quae
2554 1853 2696 1914 sita

586 1957 695 2012 est
731 1947 1071 2011 Bathonis
1103 1945 1411 2023 ciuitate,
1446 1945 1587 2009 iam
1620 1967 1842 2030 nuper
1877 1950 2244 2031 tyrannide
2275 1952 2693 2027 abstractaS,

588 2047 873 2111 reddere
906 2052 1233 2129 procurat
1265 2046 1645 2128 imperialis
1680 2054 1920 2111 nostra
1963 2057 2303 2132 potestaS,
2332 2059 2403 2114 et
2443 2051 2518 2113 in
2545 2051 2696 2114 dio-

589 2148 799 2211 cesim
827 2151 1236 2228 perpetuam
1270 2146 1490 2209 eidem
1526 2146 1882 2229 praefatae
1915 2149 2294 2214 aecclesiae
2324 2151 2552 2214 denuo
2583 2153 2693 2214 in-

588 2242 789 2311 notat
856 2252 928 2309 et
992 2252 1236 2318 nostra
1297 2246 1716 2311 condonatio
1744 2268 1762 2327 ;
1835 2268 1976 2330 quo
2040 2250 2269 2312 minus
2322 2252 2698 2332 posteritas

588 2347 853 2410 uiolare
907 2345 1161 2409 audeat
1210 2344 1342 2408 hoc
1388 2347 1645 2409 donum
1690 2347 1820 2410 deo
1868 2356 1941 2411 et
1994 2351 2315 2431 apostolo
2359 2351 2698 2427 oblatum,

587 2449 775 2512 omni
807 2444 1024 2527 regali
1050 2446 1324 2507 sarcina
1358 2446 1687 2524 solutum,
1733 2447 1934 2511 salua
1968 2449 2433 2532 expeditione,
2467 2451 2703 2533 pontis

595 2549 865 2610 arcisue
915 2546 1313 2608 munitione.
1423 2545 1860 2629 Quicumque
1923 2550 2172 2612 amodo
2237 2550 2366 2613 hoc
2404 2551 2700 2633 diripere

589 2646 703 2709 uel
768 2646 841 2708 in
896 2645 1132 2726 aliquo
1188 2646 1565 2710 sollicitare
1633 2650 2105 2731 temptauerit,
2165 2650 2538 2715 anathema
2604 2652 2698 2715 sit

591 2746 813 2809 iudice
851 2744 1155 2809 Christo.

1398 3041 1903 3107 ccchxn.
1959 2989 1962 2994 ¹

1327 3163 1770 3268 Essnwm,
1814 3170 1992 3253 956?

703 3343 780 3422 ›1‹
839 3337 929 3402 IN
982 3339 1254 3400 nomine
1313 3338 1548 3403 Patris
1613 3346 1683 3402 et
1742 3339 1902 3402 Filii
1962 3345 2032 3402 et
2084 3337 2384 3422 Spiritus
2435 3340 2714 3410 Sancti..

594 3437 871 3503 Amen!
976 3436 1460 3502 Aetheriarum
1511 3440 2116 3522 praesentiumque
2172 3441 2549 3522 productor
2609 3462 2700 3505 ex

596 3539 808 3603 nihilo
840 3559 1089 3615 rerum,
1121 3545 1282 3600 ante
1323 3557 1522 3601 omne
1562 3545 1857 3620 tempus,
1893 3539 2198 3602 condidit
2231 3539 2400 3603 deus
2434 3542 2698 3623 angeli-

597 3657 751 3701 cam
800 3637 1122 3701 uidelicet
1178 3645 1564 3701 creaturam
1600 3645 1671 3701 et
1719 3637 2077 3702 informem
2116 3639 2502 3718 materiam,
2560 3661 2701 3724 qua

594 3736 800 3818 igniS,
836 3757 1043 3820 aqua,
1074 3745 1281 3813 terra,
1326 3757 1465 3815 aer,
1512 3736 1736 3819 prima
1780 3739 2118 3802 elementa
2147 3740 2560 3819 astiterunt3
2609 3761 2701 3805 ex

597 3837 845 3919 quibus
886 3837 1116 3900 omnia
1148 3856 1327 3919 quae
1367 3836 1690 3899 uidentur
1723 3856 1873 3902 esse
1908 3845 2374 3920 sumpserunt,
2416 3840 2701 3922 insuper

596 3955 818 4018 genus
865 3936 1263 4000 humanum.
1372 3935 1509 3999 Sed
1549 3936 1712 3999 dum
1761 3938 2052 4001 uariatis
2082 3938 2462 4015 ordinibus»,
2518 3940 2698 4004 sicut

595 4036 801 4100 modo
854 4043 1147 4118 apparet
1195 4037 1267 4099 in
1315 4036 1637 4118 posteriS,
1700 4036 1820 4099 alii
1875 4038 2222 4119 principes
2270 4037 2388 4101 alii
2442 4038 2703 4104 subditi

595 4142 1112 4199 concrescentes
1165 4136 1460 4199 maiores
1513 4137 1811 4203 minores
1868 4137 2456 4203 condonauerunt.
2547 4138 2699 4220 Ego
