3044 5019
903 439 1246 499 CHARTAE
1291 449 1975 506 ANGLOSAXONIGAE.
2349 441 2480 505 353

353 614 537 671 trum
573 606 869 670 carisma
900 607 1134 689 aliqua
1173 607 1685 670 machinatione
1729 607 2103 689 infringere
2162 618 2454 676 conatus

351 706 584 783 fuerit,
619 708 897 781 ueniam
942 727 1080 771 non
1124 707 1234 770 hic
1277 714 1646 784 mereatur,
1684 726 1810 770 nec
1849 708 1923 770 in
1974 708 2210 772 futuro
2262 713 2458 792 regni

350 806 672 870 coelestis
724 807 1149 887 clauigerum
1195 807 1571 889 propitium
1618 806 1894 884 habeat,
1941 807 2075 871 nisi
2115 808 2305 890 prius
2346 810 2456 875 hic

352 906 440 968 ad
487 906 1029 970 satisfactionem
1073 906 1435 969 emendare
1469 905 1812 969 maluerit.
1921 906 2090 970 Istis
2146 910 2455 974 terminis

347 1005 524 1068 haec
562 1004 770 1069 tellus
815 1006 1077 1069 ambita
1126 1005 1424 1081 uidetur,
1454 1012 1587 1068 etc.
1695 1004 1896 1068 Haec
1946 1013 2142 1069 carta
2192 1009 2455 1091 scripta

350 1112 459 1168 est
519 1124 701 1168 anno
764 1105 1146 1169 dominicae
1207 1104 1703 1168 incarnationis
1754 1120 2184 1170 DCGGCLVI11.
2233 1108 2453 1172 indic-

351 1205 540 1267 tione
573 1221 623 1268 1.

452 1304 605 1385 Ego
652 1303 943 1385 Eadwig
974 1324 1098 1368 rex
1127 1302 1518 1386 Anglorum
1557 1303 2133 1368 indeclinabiliter
2172 1324 2454 1370 conces-

347 1403 407 1466 si
439 1406 554 1483 *¹⁴-
662 1403 817 1484 Ego
876 1404 1216 1467 AElfsinus
1261 1402 1542 1485 praesul
1602 1403 1906 1484 sigillum
1955 1404 2156 1485 agiae
2229 1408 2453 1471 crucis

346 1504 664 1585 impressi
708 1505 818 1585 ᾖ.
937 1503 1089 1584 Ego
1146 1502 1499 1567 Berhtelm
1553 1502 1921 1585 episcopus
1980 1504 2306 1586 adquieui
2336 1508 2446 1588 ἧς.

348 1601 501 1683 Ego
558 1602 772 1667 Osulf
816 1602 1181 1685 episcopus
1241 1601 1647 1666 confirmaui
1682 1604 1792 1684 ἧς.
1899 1602 2053 1683 Ego
2097 1603 2450 1668 Berhtelm

345 1702 710 1784 episcopus
737 1701 1141 1783 consignaui
1172 1704 1250 1784 ›1‹
1267 1750 1282 1765 .
1361 1701 1515 1782 Ego
1542 1700 1874 1764 AElfwold
1899 1702 2266 1784 episcopus
2286 1707 2448 1767 sub-

345 1800 592 1884 scripsi
626 1804 731 1884 ›1‹.
838 1801 993 1882 Ego
1063 1800 1425 1864 Eadmund
1492 1799 1636 1862 dux
1671 1802 1782 1882 ἧς.
1889 1800 2044 1881 Ego
2098 1798 2451 1885 AEsselsige

345 1899 489 1964 dux
523 1904 635 1984 ᾧ.
741 1900 895 1981 Ego
941 1899 1189 1964 AElfric
1221 1900 1365 1963 dux
1402 1901 1513 1981 ᾧ.
1637 1899 1791 1979 Ego
1840 1898 1997 1962 AElf
2002 1899 2177 1963 heah
2213 1901 2449 1966 minis-

343 2006 449 2062 ter
492 2003 604 2083 ἧς.
746 2000 900 2080 Ego
954 1998 1231 2081 AElfgar
1292 2000 1611 2062 minister
1656 1999 1767 2079 ᾧ.
1892 1998 2047 2081 Ego
2104 1999 2451 2065 Birhtfero

344 2099 656 2163 minister
688 2101 793 2181 ιιι.
900 2099 1054 2180 Ego
1090 2098 1358 2161 AElfred
1395 2098 1709 2161 minister
1744 2099 1855 2179 >Im
1964 2099 2118 2180 Ego
2154 2099 2452 2182 AElfsige

342 2199 658 2262 minister
692 2201 803 2281 ἧς.
927 2198 1081 2278 Ego
1119 2198 1407 2278 AElfwig
1442 2197 1757 2261 minister
1789 2199 1900 2279 »1«.
2031 2199 2184 2280 Ego
2234 2199 2451 2264 Leosa

341 2298 653 2361 minister
680 2298 785 2378 ᾧ.
910 2297 1065 2378 Ego
1099 2297 1352 2361 Eadric
1381 2296 1698 2360 minister
1727 2297 1837 2377 ᾖ.
1962 2297 2116 2378 Ego
2152 2297 2449 2363 Wulsric

331 2397 654 2461 minister
687 2398 765 2478 ›1‹
782 2441 798 2461 .

1279 2544 1521 2555 ———

1110 2691 1690 2758 CCCCLXXV.

1174 2805 1614 2905 Essnwm.

337 3026 340 3029 ·
450 2994 528 3074 ›1‹
561 2991 653 3056 ΙΝ
686 2990 960 3055 nomine
994 2989 1251 3053 domini
1283 2988 1503 3053 nostri
1535 2987 1748 3051 Ihesu
1767 2984 2069 3052 Christi!
2120 2988 2444 3054 Omnium

337 3090 712 3154 uisibilium
748 3098 818 3154 et
849 3088 1298 3153 inuisibilium
1333 3107 1560 3150 rerum
1606 3094 1917 3150 creatore
1959 3087 2442 3170 inperpetuum

341 3198 700 3272 regnante,
747 3197 817 3252 et
846 3208 891 3252 a
918 3208 1186 3253 summo
1232 3187 1407 3251 coeli
1458 3187 1741 3268 fastigio
1789 3186 2020 3250 omnia
2066 3207 2436 3269 regnorum

332 3289 486 3353 iura
517 3290 947 3371 disponente,
979 3287 1246 3352 cunctis
1276 3307 1358 3351 ea
1386 3306 1564 3368 quae
1595 3292 1758 3350 sunt
1791 3305 1960 3349 uera
2005 3289 2442 3352 cernentibus

338 3388 778 3471 manifestum
801 3395 930 3464 est,
964 3387 1149 3469 quod
1173 3388 1554 3470 praesentis
1578 3387 1767 3450 uitae
1797 3386 2220 3467 prosperitas
2242 3408 2441 3451 mun-

334 3487 404 3550 di
458 3489 752 3570 strepitu
804 3487 1181 3550 deficiendo
1228 3483 1710 3567 corrumpitur.
1764 3538 1769 3539 ff
1838 3483 2045 3547 Nunc
2094 3485 2310 3566 igitur
2356 3487 2441 3550 de

333 3588 539 3651 rebus
576 3587 1069 3669 temporalibus
1109 3586 1169 3648 si
1211 3586 1386 3648 bene
1431 3585 1918 3666 dispensentur
1963 3590 2245 3647 aeterna
2293 3585 2435 3649 ius-

334 3687 491 3750 titia
544 3693 1007 3768 comparatur.
1124 3685 1229 3748 Eo
1284 3691 1521 3747 tenore
1576 3703 1706 3764 ego
1765 3681 2057 3764 Eadwig
2107 3704 2233 3747 rex
2288 3683 2436 3748 An-

331 3786 627 3866 glorum,
677 3786 1186 3867 multarumque
1239 3785 1549 3866 gentium
1599 3783 2134 3863 circumquaque
2179 3787 2432 3865 persis-

331 3886 623 3949 tentium
655 3886 1078 3967 gubernator
1108 3890 1179 3947 et
1210 3890 1459 3960 rector,
1494 3882 1768 3946 cuidam
1802 3901 1955 3946 meo
1985 3881 2172 3944 fideli
2200 3884 2436 3948 minis-

332 3991 466 4061 tro,
518 3985 827 4048 uocitato
873 3982 1147 4047 nomine
1198 3982 1679 4067 AEpelgeardm
1723 3981 2026 4045 concedo
2081 3982 2153 4044 in
2207 3981 2435 4047 Uecta

335 4082 581 4147 Insula
617 4101 706 4147 .V.
731 4102 1035 4160 mansaS‚
1061 4081 1182 4147 illo
1208 4084 1280 4144 in
1300 4081 1455 4145 loco
1487 4082 1607 4144 ubi
1637 4083 1777 4145 iam
1803 4080 2060 4144 dudum
2093 4081 2433 4146 ruricolae

332 4182 524 4246 illius
571 4190 796 4246 terrae
843 4202 1092 4247 nomen
1134 4181 1531 4245 indiderunt
1579 4188 1671 4244 aet
1715 4179 2433 4262 Beaddingaburnan;

433 4299 606 4346 TOM.
644 4299 722 4346 11.
2024 4279 2147 4342 ΞΑ,
