3044 5019
601 417 734 484 318
1117 437 1464 486 cHAR'rAn
1509 436 2195 487 AnonosAxochn.

722 594 801 673 ›1‹
831 592 1076 674 aelsgar
1108 592 1174 655 fii
1210 587 1242 656 ἶ
2085 598 2164 677 ›1‹
2195 594 2541 679 aepelwold
2571 594 2635 658 ffi
2668 588 2699 656 't‘

726 695 805 774 ›1‹
833 692 1183 776 byrhtfero
1213 693 1278 755 ffi
1311 688 1343 757 ἶ
2089 697 2166 777 ›1‹
2196 695 2431 759 aelfred
2469 695 2534 756 ffi
2563 688 2596 757 ’ἔ

728 788 1331 877 ›Faepelmaerffi‘f
2090 788 2591 877 ›Faelfredffi'i

726 895 805 974 ›1‹
838 892 1105 974 aelfsige
1134 893 1200 955 fii
1232 887 1265 956 ἶ
2086 897 2165 976 ›1‹
2194 895 2467 959 wulfric
2499 894 2565 957 ffi
2595 888 2629 956 ’ἔ

720 995 799 1074 ›1‹
830 993 1133 1057 aelfheah
1167 992 1232 1054 ffi
1260 987 1292 1056 ’ἱ
2078 997 2157 1076 ›1‹
2185 995 2493 1058 aelfheah
2524 994 2589 1056 fii
2621 988 2653 1056 ἶ

725 1095 802 1175 ›1‹
836 1093 1214 1179 aePelgeard
1244 1092 1310 1155 fii
1342 1087 1375 1156 ’ἔ
2081 1096 2158 1176 ›1‹
2190 1094 2589 1179 aepelweard
2613 1087 2725 1156 ι’ᾖῖ

714 1193 876 1257 Hoc
935 1194 1120 1257 donii
1177 1195 1427 1259 amodo
1493 1203 1903 1260 seruaturus
1959 1194 2386 1275 glorificetur
2442 1215 2487 1259 a
2534 1191 2672 1280 xpo
2705 1241 2719 1254 .

1451 1296 1850 1314 nnnnn

612 1401 897 1458 corruat
924 1396 996 1458 in
1030 1395 1336 1459 barathri
1366 1395 1661 1482 pfundo.

1428 1689 1924 1756 cccchV.

1362 1810 1806 1920 Essnwlo,
1822 1841 2008 1907 ..956

632 1989 835 2244 ἓ
949 1989 1040 2053 ΙΝ
1091 1991 1209 2053 sce
1253 1996 1324 2053 et
1362 1989 1720 2055 indiuidue
1747 1990 2084 2055 trinitatis
2118 1990 2511 2055 uocamine.
2541 1991 2732 2075 .Ego

848 2055 1201 2172 Eadwig.
1226 2092 1551 2172 egregius
1588 2058 2150 2172 angulsaxonum
2189 2091 2496 2155 basileus
2529 2100 2733 2156 caete-

847 2210 1219 2272 rarumque
1282 2189 1515 2273 plebiu
1567 2190 1726 2255 hinc
1766 2190 1927 2254 inde
1967 2190 2433 2255 habitantium
2493 2194 2732 2256 crebro

619 2290 900 2373 quidem
932 2291 1132 2373 coepi
1165 2291 1400 2354 rimari
1435 2291 1624 2373 quod
1665 2310 1750 2356 ea
1792 2309 1929 2398 que
1966 2291 2291 2355 uidentur
2324 2292 2737 2374 temporalia

624 2410 707 2454 ac
738 2392 1003 2455 caduca
1035 2398 1199 2455 sunt
1242 2397 1313 2454 et
1348 2409 1483 2498 que
1529 2410 1669 2454 non
1715 2358 2039 2456 uidentur
2078 2391 2503 2455 aeternaliter
2540 2412 2734 2455 man-

623 2511 804 2555 sura.
914 2490 1186 2555 Idcirco
1248 2458 1475 2555 cuida⁵
1512 2508 1715 2569 meon.
1770 2492 2111 2574 optimatu
2164 2491 2276 2556 cui
2329 2511 2582 2557 nomen
2630 2493 2734 2556 in-

622 2593 833 2654 situm
887 2599 1058 2657 est.
1107 2592 1493 2656 eadmundo
1559 2608 1734 2655 ..xvl
1791 2599 2104 2656 cassatos
2159 2593 2552 2675 perenniter
2606 2594 2732 2656 im-

624 2691 849 2774 pendo
920 2710 1134 2773 penes
1194 2692 1388 2756 illum
1464 2692 1696 2755 locum
1767 2713 1906 2775 quo
1989 2693 2370 2756 assertione
2430 2692 2737 2757 multoru

625 2791 908 2855 hominii
949 2791 1295 2874 profertur
1328 2793 1430 2856 ita
1470 2838 1486 2855 .
1520 2799 1615 2855 aet
1658 2792 2146 2874 anningadune
2169 2840 2184 2856 .
2205 2792 2368 2856 dum
2414 2812 2583 2856 uero
2635 2795 2740 2857 ui-

623 2892 766 2956 tale
811 2892 1158 2974 spiramen
1202 2911 1404 2956 suum
1448 2882 1701 2956 foueri't
1753 2889 1916 2980 corp
1979 2893 2209 2956 animo
2257 2891 2555 2956 iocunda
2613 2894 2734 2956 nra

622 2992 875 3073 dapsili
924 2992 1272 3057 deditione
1310 2993 1706 3076 perfruatur
1746 2993 2034 3057 decurso
2070 2993 2335 3057 scilicet
2379 3012 2525 3056 suae
2571 3013 2730 3057 cur-

622 3092 842 3156 riculo
888 3094 1056 3157 uitae
1111 3093 1348 3157 heredi
1406 3094 1519 3157 cui
1583 3093 1884 3158 uoluerit
1949 3092 2304 3175 impendat
2347 3093 2419 3155 in
2470 3095 2730 3179 ppetuii

624 3192 932 3256 karisma
967 3241 983 3257 .
1018 3213 1175 3257 cum
1219 3194 1480 3277 campis
1520 3242 1538 3257 .
1574 3194 1853 3276 pascuis
1888 3242 1904 3258 .
1941 3193 2160 3275 pratis
2191 3240 2204 3253 .
2237 3191 2457 3256 siluis,
2527 3193 2729 3258 Haec

624 3292 833 3357 tellus
861 3312 903 3356 a
934 3301 1186 3357 cuncto
1230 3295 1322 3358 sit
1359 3294 1660 3357 inmunis
1696 3294 1963 3357 seruitu
1996 3293 2131 3356 nisi
2167 3293 2400 3374 pontis
2445 3300 2518 3356 et
2552 3295 2732 3358 arcis

630 3392 1090 3475 expeditionis
1125 3394 1495 3457 iuuamine.
1601 3390 1891 3475 Augens
1926 3393 2198 3456 fruatur
2226 3392 2361 3456 dfio
2389 3439 2404 3456 .
2425 3394 2739 3457 minuens

630 3495 780 3577 ipse
810 3494 1080 3557 zabulo.

736 3593 907 3656 Istis
954 3592 1267 3656 terminis
1314 3592 1830 3675 circumgyrata
1875 3599 2184 3657 assertur
2248 3599 2412 3656 ante
2477 3593 2741 3656 scilicet

633 3693 1034 3776 supradicta
1068 3700 1278 3767 terra,
1308 3699 1440 3757 etc.
1545 3694 1643 3778 pis
1684 3693 1826 3757 sint
1855 3696 1938 3777 pa
1969 3693 2329 3757 denstowa
2372 3692 2738 3776 brochyrst

633 3818 677 3887 7
706 3794 1024 3894 beaddan
1054 3793 1207 3876 syla
1240 3814 1284 3883 7
1311 3800 1406 3856 aet
1439 3791 1728 3878 fyrnpan
1760 3815 1804 3884 7
1837 3793 2105 3879 hlipwic
2133 3815 2177 3884 7
2210 3791 2561 3856 strodwic.

741 3894 920 3958 Haec
954 3900 1150 3958 carta
1193 3893 1454 3976 scripta
1497 3901 1658 3957 est.
1698 3913 1880 3957 anno
1924 3893 2264 3957 dominice
2315 3893 2740 3957 incarnatio-

638 3993 746 4058 nis
780 4010 1151 4058 nccccnvl.
1184 3993 1560 4058 indictione
1600 4011 1816 4057 ..xlm

751 4097 828 4177 ›1‹
859 4096 1012 4176 Ego
1046 4093 1317 4173 eadwig
1349 4112 1472 4174 gra
1506 4092 1573 4156 di
1610 4094 1827 4158 totius
1870 4092 2286 4156 brittannice
2318 4091 2588 4156 telluris
2620 4109 2744 4153 rex

638 4215 794 4258 meu
829 4195 1015 4258 donu
1048 4193 1327 4276 proprio
1361 4192 1591 4271 sigillo
1623 4191 2048 4258 confirmaui.
