3044 5019
656 430 749 495 42
1166 450 1511 499 omnm-An
1558 448 2242 499 Ancmsaxochs.

659 609 894 667 uestro
911 602 998 666 de
1017 603 1199 669 dono
1221 603 1467 686 Algari
1487 604 1749 682 militis,
1767 605 1894 670 filii
1914 603 2337 685 Northlaug‚
2359 602 2762 670 aecclesiam

661 702 748 765 de
778 702 1091 780 Tetsord,
1141 724 1296 768 cum
1341 705 1609 787 capella
1653 705 1878 769 sancti
1908 704 2240 769 Iohannis
2270 702 2762 784 Euangelistae

661 801 748 864 de
779 801 1070 879 Baston,
1093 811 1164 867 et
1184 804 1258 868 in
1276 804 1514 868 eadem
1548 804 1876 887 parochia
1907 811 2206 886 quatuor
2231 809 2595 867 carucatas
2627 807 2761 864 ter-

660 919 781 964 rae
798 902 1230 968 continentes
1256 905 1329 968 in
1345 903 1778 985 longitudine
1811 910 1968 969 octo
1992 910 2480 984 quarentena8‚
2511 908 2584 969 et
2603 908 2761 965 octo

660 1008 1127 1081 quarantenae
1174 1003 1247 1066 in
1288 1002 1679 1080 latitudine,
1711 1011 1782 1068 et
1812 1020 1935 1071 XL.
1966 1021 2164 1067 acras
2211 1003 2393 1085 prati
2419 1009 2493 1065 et
2521 1001 2762 1065 maris-

662 1118 819 1163 cum
848 1100 1312 1166 continentem
1340 1102 1414 1165 in
1442 1102 1875 1185 longitudine
1904 1101 2250 1187 sexdecim
2277 1107 2761 1183 quarantenae,

661 1206 735 1262 et
792 1206 951 1265 octo
1007 1209 1468 1282 quarentenas
1521 1201 1596 1265 in
1652 1202 2043 1278 latitudine,
2097 1208 2169 1267 et
2225 1220 2438 1265 unum
2503 1198 2761 1263 molen-

660 1297 921 1376 dinum,
966 1308 1038 1364 et
1070 1300 1423 1365 dimidium
1471 1300 1756 1366 alterius
1797 1299 2196 1377 molendini,
2242 1308 2314 1364 et
2358 1306 2578 1369 totam
2623 1298 2761 1380 pis-

662 1398 920 1461 cariam
964 1399 1036 1462 in
1084 1419 1291 1482 aqua,
1335 1402 1513 1464 sicut
1556 1400 1802 1466 circuit
1837 1406 2112 1483 pratum
2156 1406 2463 1465 uestrum
2519 1417 2759 1463 uersus

662 1497 1021 1576 orientem,
1058 1506 1130 1562 et
1156 1499 1240 1562 (16
1264 1500 1446 1564 dono
1484 1499 1790 1564 eiusdem
1823 1498 2071 1581 Algari
2113 1498 2351 1565 militis
2394 1498 2467 1561 in
2498 1497 2759 1579 Repin-

659 1596 820 1677 gale
867 1603 1007 1660 tres
1050 1606 1412 1663 carucatas
1458 1605 1706 1676 terrae,
1754 1605 1827 1663 et
1871 1615 1995 1665 Lx,
2028 1617 2226 1664 acras
2273 1599 2476 1680 prati,
2582 1596 2762 1662 Con-

662 1694 859 1759 firmo
902 1696 1111 1760 etiam
1139 1697 1268 1761 deo
1315 1705 1386 1763 et
1430 1706 1676 1764 sancto
1707 1696 2083 1774 Guthlaco,
2112 1716 2446 1778 sacroque
2488 1715 2760 1763 monas-

661 1795 836 1859 terio
875 1803 1108 1860 uestro
1153 1797 1239 1861 de
1285 1796 1663 1882 Croyland,
1692 1817 1783 1865 ex
1807 1798 1990 1863 dono
2020 1796 2270 1877 Algari
2314 1796 2610 1873 comitis,
2637 1815 2758 1878 pa-

661 1894 789 1959 tris
833 1895 1118 1960 iunioris
1148 1895 1398 1978 Algari
1425 1898 1546 1979 qui
1574 1916 1756 1963 nunc
1783 1905 1914 1974 est,
1944 1897 2347 1963 aecclesiam
2376 1896 2461 1960 de
2489 1895 2757 1977 Cappe-

660 1993 842 2071 lade,
891 2014 1046 2058 cum
1095 1997 1365 2078 capella
1411 1996 1638 2063 sancti
1688 1997 1974 2063 Ioannis
2004 1996 2366 2078 Baptistae
2408 1996 2482 2059 in
2525 1996 2759 2061 eadem

658 2093 830 2157 uilla
857 2100 928 2157 et
949 2094 1024 2157 in
1051 2096 1312 2177 campis
1342 2103 1483 2161 tam
1524 2096 1611 2160 de
1642 2095 1979 2173 Holbeth,
2011 2115 2220 2177 quam
2251 2096 2336 2161 de
2371 2094 2763 2177 Cappelade

660 2200 961 2275 quatuor
988 2202 1348 2261 carucatas
1376 2203 1601 2261 terrae
1628 2196 1933 2275 arabilis,
1962 2202 2034 2260 et
2063 2215 2189 2259 sex
2227 2196 2522 2261 bouatas
2549 2201 2621 2258 et
2648 2214 2761 2258 oc-

659 2291 955 2358 todecim
992 2314 1190 2359 acras
1233 2296 1441 2376 prati,
1469 2303 1541 2359 et
1580 2295 1945 2360 mariscum
1976 2312 2054 2361 11.
2085 2294 2273 2358 mille
2315 2313 2658 2371 acrarum,
2690 2302 2760 2361 et

661 2394 1030 2457 mariscum
1049 2410 1131 2456 111
1142 2441 1157 2457 .
1183 2394 1401 2461 millia
1416 2414 1732 2460 acrarum
1747 2415 1765 2475 3
1798 2402 1869 2459 et
1886 2394 1972 2459 de
1989 2394 2172 2459 dono
2191 2394 2495 2458 eiusdem
2512 2393 2761 2476 Algari

652 2493 932 2558 comitis
974 2493 1263 2559 senioris
1308 2494 1610 2578 ligneam
1655 2494 1991 2577 capellam
2032 2501 2316 2560 sanctae
2343 2493 2616 2558 Mariae
2643 2515 2766 2578 per

656 2592 1110 2677 Spaldelyng,
1138 2613 1317 2676 quae
1347 2593 1645 2677 Anglice
1672 2594 1971 2660 Stoklim
2023 2595 2374 2677 appellata
2401 2596 2540 2662 sita
2561 2595 2761 2660 estin

657 2692 984 2757 orientali
1027 2701 1223 2775 parte
1272 2694 1575 2760 fluminis
1622 2694 1927 2758 eiusdem
1972 2694 2224 2774 uillae3
2271 2702 2342 2759 et
2385 2694 2459 2757 in
2503 2695 2763 2776 campis

662 2800 806 2856 tam
850 2793 936 2858 (16
967 2792 1373 2878 Pynchbek,
1405 2813 1614 2875 quam
1660 2794 1745 2859 de
1786 2793 2211 2877 Spaldelyng
2238 2802 2537 2876 quatuor
2562 2814 2761 2858 caru-

659 2899 856 2958 catas
904 2899 1153 2971 terrae,
1192 2903 1263 2959 et
1303 2901 1525 2960 totam
1575 2894 1944 2976 piscariam
1998 2894 2331 2976 praedicti
2375 2894 2676 2958 fluminis
2722 2913 2765 2956 a

660 2999 873 3075 ponte
901 2994 1021 3074 qui
1051 2993 1242 3065 ducit
1275 3014 1318 3060 a
1346 2994 1756 3060 coemeterio
1787 2993 2178 3075 praedictae
2217 2994 2524 3076 capellae
2562 3013 2763 3057 sanc-

662 3099 779 3158 tae
798 3093 1069 3157 Mariae
1096 3093 1185 3157 ad
1214 3094 1697 3161 coemeterium
1718 3093 2034 3175 lapideae
2060 3094 2367 3176 capellae
2388 3093 2614 3157 sancti
2634 3094 2705 3156 N
2708 3094 2765 3157 i-

655 3191 907 3268 cholai,
938 3200 1010 3256 et
1036 3191 1332 3274 Anglice
1363 3193 1610 3257 Stonin
1654 3193 2070 3275 appellatae,
2117 3213 2296 3276 quae
2340 3192 2479 3257 sita
2533 3200 2641 3256 est
2686 3194 2758 3256 in

659 3291 1072 3357 occidentali
1112 3293 1265 3374 ripa
1308 3293 1379 3356 in
1429 3293 1736 3356 manerio
1785 3293 2120 3376 praedicti
2169 3293 2441 3360 comitis
2487 3291 2763 3374 Algari,

656 3391 783 3473 qui
810 3390 999 3456 dedit
1038 3392 1262 3475 ipsam
1306 3391 1764 3475 piscationem
1807 3412 1851 3458 a
1894 3393 2248 3474 praedicto
2289 3400 2500 3475 ponte
2545 3413 2768 3475 usque

660 3491 749 3555 ad
797 3511 1158 3557 seuueram
1204 3492 1290 3558 de
1318 3491 1657 3573 Asendyk
1703 3492 1832 3557 deo
1881 3499 1953 3556 et
1995 3500 2238 3559 sancto
2283 3492 2633 3558 Guthlaco
2680 3493 2764 3556 de

662 3590 1038 3674 Croyland,
1095 3611 1222 3673 pro
1279 3591 1750 3658 anniuersario
1815 3592 1925 3658 die
1986 3593 2205 3674 patris
2270 3594 2378 3660 sui
2450 3593 2765 3658 omnibus

657 3692 863 3758 annis
935 3692 1010 3757 in
1081 3698 1315 3756 uestro
1390 3690 1808 3758 monasterio
1882 3692 2260 3758 solenniter
2329 3692 2761 3758 celebrando.

661 3790 1009 3858 Confirmo
1053 3791 1262 3858 etiam
1303 3792 1433 3856 deo
1463 3798 1535 3855 et
1564 3797 1807 3860 sancto
1839 3790 2212 3869 Guthlaco,
2241 3811 2575 3874 sacroque
2619 3811 2765 3856 mo-

644 3892 962 3956 nasterio
1013 3898 1246 3957 uestro
1291 3891 1377 3959 de
1425 3892 1611 3958 dono
1661 3891 1964 3955 eiusdem
2016 3892 2287 3956 comitis
2337 3887 2588 3973 Algari
2653 3911 2762 3953 se-

660 3991 871 4056 nioris
928 3991 1327 4056 aecclesiam
1373 3991 1459 4056 de
1504 3990 1888 4068 Sutterton,
1934 3999 2005 4055 et
2052 3999 2196 4056 tam
2245 3992 2318 4054 in
2373 3991 2634 4073 campis
2681 3990 2763 4053 de

655 4089 1063 4175 Algarkyrk
1111 4111 1318 4175 quam
1365 4093 1451 4158 de
1501 4092 1885 4169 Sutterton,
1923 4099 2065 4156 tres
2111 4098 2474 4158 carucatas
2541 4098 2761 4154 terrae

656 4192 958 4270 arabiIiS,
988 4200 1058 4259 et
1091 4192 1450 4262 duodecim
1479 4193 1773 4258 bouatas
1803 4199 1874 4260 et
1901 4192 2154 4274 uiginti
2196 4211 2322 4256 sex
2358 4209 2555 4258 acras
2584 4189 2762 4273 prati
