3044 5019
604 449 737 514 366
1088 462 1432 511 anRrAn
1478 459 2162 511 ANGLOSAonchE.

610 619 1086 703 inuiolataque
1139 627 1323 684 stare
1374 619 1846 700 decreuimus3
1906 627 1978 684 et
2022 620 2430 685 infractores
2479 642 2717 687 eorum

609 729 893 785 aeterna
927 720 1409 783 maledictione
1444 720 1925 802 dampnamus,
1959 722 2438 785 obseruatores
2485 731 2720 787 autem

611 820 817 884 huius
871 819 1218 883 firmitatis
1274 819 1576 900 gratiam
1624 827 1695 882 et
1744 819 2284 884 misericordiam
2340 840 2383 883 a
2438 821 2720 887 domino

609 920 939 1001 consequi
970 924 1382 983 mereantur.
1491 916 1726 982 Causa
1756 920 1971 1000 igitur
2017 920 2450 984 infractionis
2496 923 2719 985 nostri

608 1019 958 1101 priuilegii
991 1018 1078 1081 ad
1110 1024 1427 1100 posteros
1460 1029 1734 1082 nostros
1776 1018 2161 1101 perueniat.
2268 1020 2533 1084 Datum
2571 1022 2716 1086 Ra-

608 1138 875 1182 uennae
914 1166 930 1181 .
952 1121 1085 1182 1x0.
1127 1116 1581 1182 kalendarum
1623 1118 2006 1183 Februarii.
2113 1118 2510 1200 Cognoscat
2545 1141 2713 1203 ergo

607 1218 1010 1300 magnitudo
1042 1236 1166 1281 seu
1196 1217 1464 1282 utilitas
1507 1223 1745 1281 uestra
1788 1236 1997 1299 quam
2042 1218 2473 1283 decernimus
2518 1228 2592 1285 et
2637 1222 2709 1284 in

606 1324 1013 1401 perpetuum
1046 1336 1447 1380 mansurum
1477 1317 1791 1380 iubemus
1836 1324 2048 1399 atque
2088 1319 2598 1397 constituimuS,
2629 1329 2709 1385 ut

607 1438 735 1500 pro
758 1417 1145 1481 reuerentia
1174 1416 1621 1499 reliquiarum
1644 1414 2121 1497 gloriosissimi
2156 1419 2456 1500 apostoli
2488 1416 2705 1497 Petri,

608 1524 679 1581 et
725 1537 851 1599 pro
896 1517 1128 1599 quiete
1168 1515 1660 1579 monachorum
1714 1516 1967 1579 ibidem
2018 1516 2148 1580 deo
2197 1517 2707 1597 famulantium,

605 1616 825 1680 honor
884 1622 955 1679 et
1013 1614 1168 1678 laus
1210 1614 1518 1678 eiusdem
1563 1614 1939 1678 aecclesiae
1985 1614 2322 1679 habeatur
2358 1623 2429 1682 et
2473 1620 2708 1682 obser-

604 1723 808 1779 uetur
833 1733 851 1794 3
903 1714 972 1777 id
1007 1722 1114 1778 est
1148 1720 1227 1777 ut
1256 1714 1570 1796 quisquis
1602 1712 2051 1793 fugitiuorum
2074 1734 2201 1797 pro
2224 1716 2533 1798 quolibet
2558 1737 2709 1781 sce-

605 1815 746 1878 lere
776 1814 865 1877 ad
886 1812 1268 1896 praefatam
1290 1812 1647 1877 basilicam
1664 1812 1852 1877 beati
1881 1815 2180 1896 apostoli
2208 1814 2480 1896 fugiens
2505 1836 2706 1898 prae-

604 1916 908 1978 cinctum
938 1914 1085 1976 eius
1110 1912 1496 1989 intrauerit,
1549 1912 1695 1975 siue
1738 1913 1948 1994 pedes
1991 1913 2140 1977 siue
2171 1933 2405 1996 equeS,
2441 1916 2590 1979 siue
2626 1917 2709 1981 de

603 2015 801 2076 curia
830 2012 1049 2094 regali
1079 2012 1228 2074 siue
1257 2012 1342 2074 de
1365 2012 1672 2088 ciuitate,
1695 2012 1844 2075 siue
1878 2012 1963 2075 de
1996 2013 2165 2076 uilla
2195 2032 2317 2077 seu
2342 2016 2708 2079 cuiuscun—

611 2132 745 2195 que
777 2109 1190 2176 conditionis
1216 2111 1332 2188 sit,
1372 2131 1785 2194 quocunque
1819 2110 2071 2176 delicto
2094 2112 2422 2177 facinoris
2464 2123 2707 2180 contra

605 2231 733 2275 nos
756 2211 869 2274 uel
911 2209 1360 2275 succedentes
1399 2229 1598 2292 reges
1633 2208 2022 2292 Anglorum
2044 2212 2157 2275 uel
2206 2220 2452 2278 contra
2493 2214 2706 2279 alium

607 2312 983 2394 quemlibet
1014 2310 1281 2375 fidelem
1309 2317 1591 2375 sanctae
1626 2310 2001 2375 aecclesiae
2027 2312 2138 2375 dei
2164 2312 2561 2377 forisfactus
2589 2315 2705 2393 sit,

606 2412 960 2476 relaxetur
994 2417 1064 2475 et
1081 2411 1086 2417 ’
1106 2411 1457 2486 liberetur,
1490 2416 1561 2473 et
1590 2410 1810 2475 uitam
1847 2416 2057 2493 atque
2101 2414 2403 2476 membra
2443 2416 2703 2498 absque

601 2512 749 2576 ulla
783 2511 1327 2575 contradictione
1360 2511 1693 2575 obtineat.
1776 2509 2148 2577 Praeterea
2178 2513 2702 2579 interminamur

603 2611 841 2674 diuina
868 2610 1283 2674 auctoritate
1311 2617 1382 2674 et
1413 2617 1677 2687 nostra,
1723 2617 1804 2674 ut
1841 2630 2066 2694 neque
2106 2631 2234 2676 nos
2269 2633 2494 2696 neque
2543 2635 2698 2681 suc-

601 2729 910 2774 cessores
940 2710 1181 2787 nostri,
1220 2729 1445 2792 neque
1479 2709 1769 2792 quilibet
1808 2711 2176 2793 episcopus
2208 2713 2322 2776 uel
2354 2713 2693 2797 archiepi-

603 2829 878 2892 scopuS,
910 2829 1035 2873 nec
1064 2810 1455 2892 quicunque
1488 2809 1574 2872 de
1598 2809 1960 2874 iudiciaria
1990 2818 2339 2893 potestate
2368 2813 2442 2876 in
2473 2815 2697 2896 ipsam

602 2917 915 2974 sanctam
944 2909 1300 2973 basilicam
1333 2909 1448 2972 uel
1484 2910 1559 2972 in
1600 2917 1957 2975 manentes
2000 2911 2072 2973 in
2114 2911 2291 2993 ipsa,
2320 2912 2434 2978 uel
2462 2912 2538 2976 in
2571 2914 2694 2978 ho·

601 3009 819 3074 mines
848 3010 968 3093 qui
1000 3029 1155 3074 cum
1186 3027 1314 3072 sua
1340 3009 1733 3073 substantia
1760 3009 1875 3072 uel
1918 3011 2124 3075 rebus
2170 3011 2258 3074 ad
2297 3011 2523 3093 ipsam
2554 3020 2696 3077 tra—

601 3110 762 3174 dere
811 3109 925 3173 uel
980 3108 1321 3172 deuouere
1374 3127 1449 3172 se
1500 3108 1869 3185 uoluerint,
1919 3110 2052 3175 nisi
2094 3129 2220 3192 per
2268 3110 2698 3176 uoluntatem

600 3209 872 3272 abbatis
905 3214 975 3272 et
1008 3227 1289 3271 suorum
1319 3206 1837 3284 monachorum,
1882 3208 2096 3274 ullam
2136 3208 2439 3275 habeant
2465 3219 2698 3294 potes-

599 3315 815 3373 tatem
843 3327 860 3387 ;
912 3306 1034 3370 sed
1076 3307 1168 3369 sit
1210 3306 1380 3370 haec
1420 3313 1663 3371 sancta
1694 3314 1916 3370 mater
1953 3307 2287 3375 aecclesia
2328 3311 2698 3391 peculiaris

599 3407 876 3491 patroni
906 3405 1125 3470 nostri
1166 3406 1353 3470 beati
1400 3406 1596 3471 Petri
1640 3407 1939 3489 apostoli
1988 3408 2204 3473 libera
2255 3414 2325 3472 et
2373 3410 2699 3476 absoluta

602 3509 690 3572 ab
726 3508 912 3572 omni
942 3506 1302 3570 inuasione
1333 3506 1447 3569 uel
1478 3504 1954 3588 inquietudine
1982 3508 2284 3572 omnium
2320 3509 2699 3589 hominum,
2768 3526 2778 3533 ’

595 3604 1070 3689 cuiuscunque
1099 3605 1360 3670 ordinis
1392 3606 1505 3669 uel
1536 3606 1908 3687 potestatis
1941 3626 2092 3673 esse
2124 3607 2515 3673 uideantur.
2608 3610 2695 3675 In

598 3707 909 3769 maneria
955 3724 1122 3768 uero
1189 3705 1303 3769 uel
1366 3712 1597 3769 curtes
1641 3704 1998 3788 praefatae
2040 3706 2391 3785 basilicae,
2441 3709 2563 3772 ubi
2623 3711 2696 3775 in

597 3824 1011 3888 quacunque
1055 3804 1335 3886 regione
1389 3804 1504 3868 uel
1564 3825 1751 3888 pago
1809 3806 1882 3869 in
1934 3825 2149 3888 regno
2199 3814 2439 3872 nostro
2496 3804 2692 3891 quic—

595 3904 761 3989 quid
793 3924 836 3968 a
871 3904 981 3967 die
1021 3904 1385 3987 praesenti
1430 3905 1660 3986 ipsum
1702 3907 2200 3972 monasterium
2231 3907 2589 3988 possidere
2623 3917 2693 3973 et

592 4005 931 4069 dominari
965 4004 1266 4081 uidetur,
1312 4003 1426 4068 uel
1466 4005 1654 4086 quod
1699 4025 1742 4068 a
1776 4005 1982 4069 deum
2023 4006 2424 4071 timentibus
2463 4007 2685 4073 homi-

593 4106 796 4169 nibus
828 4124 953 4187 per
1003 4103 1317 4185 legitima
1361 4110 1709 4168 cartarum
1752 4105 2213 4172 instrumenta
2254 4106 2519 4173 ibidem·
2557 4107 2692 4175 fuit

590 4223 1019 4281 concessum,
1043 4203 1158 4267 uel
1186 4203 1258 4267 in
1283 4210 1489 4268 antea
1510 4211 1617 4270 est
1645 4205 1953 4271 additum
1973 4207 2089 4271 uel
2116 4206 2537 4289 delegatum,
2560 4228 2688 4274 nec
