3044 5019
862 452 1206 500 CHARTAE
1252 454 1934 507 ANGLosAxochE.
2302 450 2433 514 237

332 610 471 673 dux
518 613 629 692 ᾧ.
754 609 908 690 Ego
975 609 1335 674 Ealhhelm
1399 612 1545 675 dux
1603 614 1712 693 ᾧ.
1819 614 1973 696 Ego
2029 618 2435 702 AEpelmund

327 712 473 773 dux
502 711 613 790 ᾧ.
719 709 873 791 Ego
911 709 1181 774 Uhtred
1215 710 1362 775 dux
1390 715 1500 794 ᾧ.
1610 713 1762 795 Ego
1797 713 1951 780 Oda
1980 720 2294 783 minister
2321 724 2432 803 ᾧ.

328 810 484 892 Ego
522 809 769 873 AElsric
799 810 1111 874 minister
1149 811 1260 890 ᾧ.
1367 811 1521 894 Ego
1554 813 1918 878 Eadmund
1964 819 2277 884 minister
2316 824 2426 903 ᾧ.

328 911 483 992 Ego
516 909 797 974 Wullaf
839 910 1153 973 minister
1194 913 1304 992 ᾧ.
1409 912 1564 994 Ego
1594 913 1923 996 Wihtgar
1965 918 2279 983 minister
2320 923 2432 1002 ᾧ.

329 1010 483 1092 Ego
534 1007 800 1072 AElfred
835 1010 1159 1073 minister
1201 1013 1312 1092 ᾧ.
1417 1012 1571 1094 Ego
1618 1013 1914 1079 Wulfric
1966 1005 2276 1082 minister
2321 1023 2433 1102 ᾧ.

329 1110 484 1191 Ego
514 1109 814 1191 Wulgar
860 1109 1174 1173 minister
1214 1113 1327 1192 ᾧ.
1433 1113 1587 1193 Ego
1628 1113 1925 1197 AElfsige
1973 1119 2287 1182 minister
2323 1121 2430 1200 ᾧ.

329 1210 485 1292 Ego
521 1208 846 1273 Ordheah
892 1210 1204 1273 minister
1242 1213 1353 1292 ᾧ.
1459 1212 1613 1294 Ego
1650 1214 1921 1297 AEperic
1966 1218 2280 1281 minister
2317 1222 2430 1301 ᾧ.

330 1310 485 1390 Ego
521 1309 817 1389 AElssige
860 1309 1173 1372 minister
1211 1313 1322 1392 ᾧ.
1428 1312 1584 1394 Ego
1628 1314 1920 1399 AEpered
1966 1317 2280 1381 minister
2321 1322 2432 1401 ᾧ.

328 1409 485 1491 Ego
520 1408 910 1478 Wulfhelm
944 1408 1256 1474 minister
1296 1413 1406 1492 ᾧ.

1260 1586 1504 1598 ---—

1188 1708 1591 1774 cccxcl.

983 1860 1026 1902 *
1065 1829 1604 1935 ERDMUND,
1648 1857 1801 1921 942.

333 2055 340 2060 -
443 2012 521 2091 ›1‹
557 2010 649 2073 IN
677 2009 951 2073 nomine
984 2008 1094 2073 dei
1136 2010 1387 2073 summi
1430 2018 1501 2074 et
1541 2009 1862 2073 altissimi
1895 2009 2105 2075 Ihesu
2137 2012 2432 2082 Christi!

335 2108 589 2191 Regna
621 2130 860 2191 regum
882 2111 970 2173 ab
990 2110 1133 2174 alto
1167 2118 1473 2192 regente,
1504 2111 1701 2173 cuius
1728 2118 1902 2174 nutu
1927 2120 2162 2177 creata
2188 2124 2437 2182 cuncta

332 2209 494 2272 dum
541 2209 889 2291 gignendo
923 2211 1327 2293 procedunt,
1360 2209 1700 2293 quaedam
1736 2211 1922 2275 uitae
1948 2217 2333 2294 praesentis
2370 2224 2440 2282 et

333 2317 497 2373 actu
527 2310 833 2391 pollente
861 2310 977 2373 diu
1012 2311 1313 2374 uirentia
1346 2311 1629 2387 sistunt,
1651 2311 1989 2392 quaedam
2026 2332 2191 2376 uero
2220 2317 2365 2377 suis
2395 2336 2438 2379 a

333 2410 596 2473 uiribus
631 2408 793 2472 dum
823 2409 1171 2493 pulcriora
1197 2417 1596 2487 cernuntur,
1626 2410 1755 2473 fios
1785 2411 2005 2475 ueluti
2027 2412 2199 2476 flatu
2221 2417 2437 2493 uenti,

333 2512 807 2574 corruscantia
857 2519 1137 2594 repente
1190 2518 1644 2574 marcescunt.
1751 2501 1979 2589 Quam
2024 2514 2112 2577 ob
2156 2533 2436 2580 causam

333 2630 464 2692 ego
515 2610 990 2688 EadmunduS‚
1041 2631 1166 2674 rex
1219 2610 1609 2692 Anglorum
1659 2612 2106 2695 gentiumque
2145 2615 2434 2679 circum-

334 2710 725 2774 sistentium
755 2718 1168 2793 praepotens
1205 2710 1497 2774 almifice
1527 2719 1777 2788 rector,
1808 2712 2081 2775 cuidam
2118 2734 2269 2779 meo
2300 2718 2434 2780 sci-

333 2809 500 2874 licet
565 2810 875 2892 pontifici
936 2810 1438 2875 Londoniensis
1500 2810 1892 2888 cathedrae,
1949 2812 2116 2875 mihi
2186 2814 2436 2881 dilecto

331 2910 609 2973 nomine
638 2909 1021 2988 Deodredo‚
1051 2911 1435 2994 principum
1469 2910 1940 2992 nobiliumque
1978 2911 2271 2975 militum
2315 2935 2437 2980 seu

333 3029 644 3073 meorum
682 3016 950 3092 optatu,
970 3030 1137 3074 suae
1165 3010 1488 3073 uidelicet
1519 3008 1871 3073 fidelitatis
1903 3011 2256 3093 obsequio,
2289 3034 2436 3079 mo-

333 3109 560 3173 dicam
613 3110 1008 3173 muniminis
1060 3110 1194 3173 mei
1239 3118 1533 3192 partem,
1586 3110 1654 3172 id
1709 3117 1840 3186 est,
1892 3111 2436 3194 quadringentas

330 3209 485 3273 arui
525 3216 820 3291 segeteS‚
865 3210 1167 3273 donandi
1205 3209 1633 3293 relinquendi
1675 3211 2081 3293 cuicumque
2116 3214 2438 3295 uoluerit,

332 3310 581 3374 maiori
640 3309 976 3373 minoriue
1027 3329 1387 3393 personae,
1442 3330 1598 3374 cum
1649 3312 1966 3374 omnibus
2028 3315 2436 3380 utensilibus

331 3430 512 3492 quae
570 3408 752 3473 iuste
802 3410 889 3473 ad
934 3411 1156 3492 ipsam
1206 3409 1505 3474 insulam
1558 3412 1903 3493 pertinere
1958 3411 2433 3494 dinoscuntur,

331 3529 543 3592 quam
589 3508 916 3573 solicolae
961 3517 1465 3573 consueuerunt
1499 3511 1847 3573 rusticana
1896 3511 2243 3577 locutione
2305 3515 2436 3578 Su-

330 3609 614 3692 thereye
648 3609 1026 3692 appellare,
1063 3630 1244 3673 nunc
1276 3616 1347 3672 et
1378 3617 1547 3673 tunc
1576 3609 1944 3692 paludibus
1979 3615 2260 3695 aquosis
2292 3616 2433 3696 pis·

329 3711 649 3791 cosisque
707 3709 1031 3773 fluctibus
1094 3729 1425 3792 aquarum
1477 3710 2069 3775 circumuallatam
2109 3716 2434 3796 ,omnibus

331 3808 772 3873 manifestum
807 3803 960 3872 est.l
1067 3810 1269 3874 Haec
1302 3818 1533 3874 autem
1574 3811 1888 3892 praefata
1918 3810 2201 3877 donatio
2238 3814 2435 3880 firma

329 3917 734 3993 permaneat
788 3908 1117 3991 quamdiu
1176 3909 1642 3975 christianitas
1687 3912 1759 3974 in
1804 3918 2011 3992 gente
2045 3910 2431 3996 Aug-lorum

328 4016 454 4074 aut
517 4008 870 4073 aecclesiis
931 4000 1065 4088 dei,
1128 4010 1639 4093 electorumque
1688 4011 1833 4074 eius
1880 4011 2433 4079 aecclesiasticae

329 4108 687 4174 normulae
748 4109 1061 4191 fulgeant
1134 4111 1478 4173 mentibus
1549 4109 1872 4174 fidelium.
1996 4110 2217 4179 Hanc,
2266 4133 2432 4179 uero

329 4217 812 4292 praenotatam
900 4209 1436 4274 munificentiam
1524 4210 1892 4293 incipiente
1967 4229 2150 4274 anno
2225 4216 2433 4279 tertio

1290 4339 1373 4386 Sic
1396 4337 1509 4386 MS.
