3044 5019
867 478 1210 525 CHARTAF.
1256 478 1864 525 ANGLoSAxoch
1881 479 1940 525 E.
2321 460 2450 526 197

460 637 538 719 ›1‹
562 634 717 716 Ego
746 635 1056 699 eadwine
1079 684 1095 699 .
1117 636 1333 699 abbas
1358 683 1373 699 .
1393 634 1715 699 consensi
1742 684 1757 700 .
1779 642 1850 699 et
1883 625 2280 717 subscripsi.
2304 655 2307 660 ·

458 737 536 816 ›1‹
560 735 714 817 Ego
746 733 1047 800 aeffselnoss
1070 784 1086 799 .
1107 736 1322 800 abbas
1350 783 1366 799 .
1387 736 1704 800 consensi
1731 784 1747 799 .
1774 743 1844 799 et
1878 736 2273 818 subscripsi.
2304 749 2309 756 ’

459 837 537 916 ›1‹
560 834 715 917 Ego
744 836 1121 918 biorhtsige
1144 883 1160 899 .
1182 837 1396 900 abbas
1423 884 1436 899 .
1458 836 1815 899 consensi.
1838 842 1907 900 et
1935 827 2333 919 Subscripsi.

457 937 535 1016 ›1‹
559 935 714 1015 Ego
745 936 1040 1000 aelfwald
1069 985 1085 1000 .
1106 936 1252 1000 dux
1285 987 1301 1002 .
1326 937 1641 1000 consensi
1670 984 1685 1000 .
1713 943 1783 999 et
1812 937 2207 1019 subscripsi.

459 1038 537 1117 ›1‹
560 1035 728 1116 Ego,
747 1036 969 1100 osferb
989 1084 1003 1098 .
1027 1037 1171 1101 dux
1196 1087 1210 1101 .
1232 1038 1549 1100 consensi
1578 1084 1592 1099 .
1620 1044 1690 1101 et
1722 1037 2120 1119 subscripsi.

460 1137 538 1219 ›1‹
560 1135 716 1216 Ego
748 1135 1076 1202 aebelstan
1099 1185 1115 1200 .
1140 1137 1282 1201 dux
1303 1184 1317 1198 .
1344 1137 1659 1200 consensi
1686 1185 1702 1200 .
1723 1144 1794 1200 et
1825 1138 2223 1221 subscripsi.

459 1238 537 1317 ›1‹
559 1236 713 1318 Ego
741 1258 895 1301 urm
918 1285 932 1301 .
954 1237 1099 1301 dux
1126 1285 1142 1301 .
1164 1238 1520 1302 consensi.
1542 1244 1612 1301 et
1641 1237 2038 1319 subscripsi.

459 1336 534 1417 >1⁴
557 1336 710 1419 Ego
737 1337 1023 1402 inhwaer
1048 1385 1063 1401 .
1086 1337 1229 1401 dux
1251 1385 1264 1399 .
1291 1338 1648 1402 consensi.
1673 1345 1743 1402 et
1777 1337 2170 1419 subscripsi.

458 1436 533 1517 ›1‹
557 1436 711 1519 Ego
742 1438 1062 1502 halfdene
1090 1486 1106 1502 .
1131 1438 1274 1501 dux
1297 1486 1313 1502 .
1339 1438 1693 1502 consensi.
1722 1445 1791 1502 et
1821 1438 2213 1520 subscripsi.

456 1535 531 1616 ›1‹
554 1537 709 1617 Ego
744 1538 969 1602 osulf.
996 1538 1139 1602 dux
1165 1586 1181 1602 .
1206 1538 1564 1602 consensi.
1590 1545 1659 1602 et
1691 1538 2084 1621 subscripsi.

452 1635 527 1716 ›1‹
553 1636 706 1720 Ego
737 1638 984 1702 uhtred
1014 1686 1030 1702 .
1052 1639 1196 1702 dux
1228 1686 1244 1702 .
1268 1639 1629 1702 consensi.
1654 1645 1726 1702 et
1756 1638 2154 1721 subscripsi.

452 1737 527 1818 ›1‹
551 1737 704 1820 Ego
734 1739 1072 1803 aescberht
1095 1786 1112 1805 .
1135 1739 1281 1803 dux
1304 1787 1319 1803 .
1341 1739 1659 1802 consensi
1683 1786 1699 1802 .
1727 1745 1797 1801 et
1831 1739 2227 1821 subscripsi.

451 1836 704 1920 ›1⁴‘Ego
738 1838 1012 1904 aelfstan
1041 1887 1056 1903 .
1081 1839 1225 1902 dux
1251 1887 1266 1903 .
1292 1839 1609 1902 consensi
1637 1886 1650 1899 .
1672 1845 1743 1901 et
1769 1838 2165 1922 subscripsi.

454 1937 529 2018 ›1‹
554 1938 709 2020 Ego
741 1939 930 2003 seule
953 1988 969 2003 .
989 1940 1134 2003 dux
1163 1988 1179 2003 .
1200 1938 1519 2003 consensi
1546 1987 1562 2003 .
1585 1947 1652 2003 et
1688 1939 2086 2021 subscripsi.

454 2038 529 2119 ›1‹
552 2038 706 2121 Ego
738 2039 919 2103 hadd
944 2088 960 2103 .
981 2039 1124 2103 dux
1150 2088 1165 2104 .
1187 2041 1543 2104 consensi.
1565 2046 1636 2103 et
1668 2037 2061 2122 subscripsi.

454 2138 529 2219 ›1‹
554 2138 707 2221 Ego
734 2139 1045 2203 wulfheh
1066 2188 1082 2203 .
1109 2139 1174 2202 fn
1200 2189 1216 2205 .
1241 2139 1595 2204 consensi.
1620 2145 1692 2203 et
1722 2140 2115 2222 subscripsi.

452 2240 530 2322 ›1‹
554 2239 708 2321 Ego
740 2240 1016 2304 wullaf.
1043 2239 1108 2302 ffi
1135 2288 1151 2304 .
1171 2241 1489 2305 consensi
1516 2287 1532 2303 .
1554 2247 1624 2304 et
1656 2240 2047 2322 subscripsi.

454 2341 532 2420 ›1‹
554 2340 711 2420 Ego
742 2340 1038 2423 wulfgar
1059 2388 1076 2404 .
1100 2340 1167 2403 fii
1193 2389 1209 2405 .
1230 2340 1548 2404 consensi
1574 2386 1591 2403 .
1611 2347 1682 2403 et
1710 2340 2109 2422 subscripsi.

454 2441 532 2521 ›1‹
556 2440 713 2523 Ego
741 2440 1076 2504 wulfmaer
1098 2489 1113 2505 .
1141 2440 1203 2503 fii
1231 2489 1247 2504 .
1269 2440 1628 2505 consensi.
1651 2447 1721 2503 et
1754 2440 2151 2523 subscripsi.

453 2541 531 2620 ›1‹
553 2541 709 2622 Ego
740 2540 1039 2605 wulfnaiS
1060 2589 1073 2604 .
1098 2541 1163 2604 ffi
1193 2590 1209 2606 .
1234 2542 1552 2607 consensi
1579 2589 1594 2605 .
1620 2549 1691 2606 et
1717 2540 2109 2623 subscripsi.

452 2643 530 2722 ›1‹
553 2641 709 2723 Ego
740 2641 919 2705 odda
939 2690 955 2706 .
978 2642 1040 2704 ffi
1066 2689 1081 2704 .
1112 2642 1426 2707 consensi
1451 2689 1466 2705 .
1491 2649 1563 2706 et
1588 2642 2010 2724 sub.scripsi.

451 2742 529 2821 ›1‹
554 2741 709 2822 Ego
741 2742 1034 2822 wulfgar
1056 2790 1070 2805 .
1098 2742 1162 2805 fri
1189 2791 1205 2807 .
1225 2741 1581 2807 consensi.
1609 2742 2127 2824 etsub.scripsi.

455 2844 533 2923 ›1‹
557 2841 713 2922 Ego
745 2840 1072 2906 aeBelstan
1103 2891 1118 2907 .
1141 2841 1207 2905 ffi
1237 2891 1253 2907 .
1276 2843 1631 2907 consensi.
1658 2849 1728 2905 et
1756 2842 2174 2923 sub.scripsi.

452 2943 530 3022 ›1‹
554 2942 712 3024 Ego
744 2942 1025 3006 aelfhaeh
1056 2990 1072 3006 .
1100 2941 1166 3005 iii
1193 2991 1208 3007 .
1234 2943 1552 3007 consensi
1579 2991 1595 3008 .
1616 2949 1687 3006 et
1715 2940 2139 3023 sub.scripsi.

454 3043 529 3124 ›1‹
553 3042 711 3122 Ego
743 3043 1060 3126 wulfsige
1087 3091 1102 3107 .
1125 3041 1191 3104 ffi
1224 3090 1239 3106 .
1265 3042 1581 3107 consensi
1608 3091 1622 3106 .
1654 3049 1724 3106 et
1753 3040 2174 3123 sub.scripsi.

452 3146 530 3225 ›1‹
555 3142 711 3222 Ego
742 3142 1040 3225 wihtgar
1066 3191 1081 3207 .
1109 3141 1174 3204 ffi
1205 3191 1220 3207 .
1246 3143 1602 3207 consensi.
1628 3149 1700 3207 et
1732 3140 2155 3224 sub.scripsi.

452 3245 530 3324 ›1‹
553 3241 710 3323 Ego
741 3242 1026 3307 aelfhere
1048 3291 1064 3307 .
1086 3242 1151 3305 ffi
1177 3291 1193 3307 .
1218 3243 1535 3307 consensi
1561 3290 1577 3307 .
1598 3250 1669 3306 et
1699 3241 2121 3324 sub.scripsi.

451 3345 529 3424 ›1‹
553 3342 709 3422 Ego
741 3342 969 3407 eadric
996 3392 1011 3408 .
1033 3343 1099 3405 fii
1126 3391 1141 3407 .
1164 3342 1478 3407 consensi
1510 3390 1527 3406 .
1551 3350 1622 3406 et
1655 3342 2077 3424 sub.scripsi.

447 3445 527 3522 ›1‹
549 3442 705 3521 Ego
736 3438 1084 3507 aeiSelwold
1114 3491 1130 3507 .
1155 3442 1220 3505 fii
1247 3491 1262 3507 .
1284 3443 1642 3507 consensi.
1672 3449 1743 3506 et
1775 3442 2200 3524 sub.scripsi.

405 3545 409 3550 '
447 3546 525 3625 ›1‹
549 3541 705 3621 Ego
734 3542 1045 3607 eadwald
1073 3591 1088 3607 .
1115 3542 1180 3605 fii
1205 3591 1220 3607 .
1244 3543 1599 3607 consensi.
1625 3549 1695 3606 et
1725 3542 2149 3625 sub.scripsi.

451 3646 529 3725 ›1‹
552 3642 708 3723 Ego
736 3642 950 3706 aelfric
978 3691 993 3707 .
1016 3642 1081 3705 ffi
1111 3692 1127 3708 .
1148 3643 1463 3708 consensi
1490 3690 1503 3703 .
1528 3650 1598 3707 et
1629 3642 2048 3725 sub.scripsi.

447 3745 525 3824 ›1‹
549 3741 704 3824 Ego
732 3742 1071 3807 eadmund
1097 3791 1113 3807 .
1133 3742 1196 3806 fn‘
1230 3792 1245 3808 .
1268 3743 1585 3807 consensi
1612 3791 1628 3808 .
1651 3749 1720 3812 et
1747 3743 2171 3826 sub.scripsi.

450 3845 528 3924 ›1‹
552 3841 707 3922 Ego
737 3843 1003 3906 wulfric
1026 3892 1041 3907 .
1069 3841 1134 3905 ffi
1160 3891 1175 3907 .
1199 3843 1555 3907 consensi.
1577 3848 1645 3907 et
1675 3843 2095 3926 sub.scripsi.

452 3946 530 4025 ›1‹
554 3941 707 4023 Ego
740 3942 882 4006 hun
908 3992 922 4007 .
948 3943 1011 4005 ιῗι
1039 3991 1054 4007 .
1081 3945 1434 4008 consensi.
1461 3950 1532 4007 et
1561 3943 1985 4025 sub.scripsi.

452 4046 530 4125 ›1‹
555 4041 707 4123 Ego
737 4040 1106 4108 aebelberht
1127 4091 1145 4109 .
1171 4043 1236 4106 fii
1264 4091 1281 4107 .
1309 4043 1625 4107 consensi
1652 4091 1667 4107 .
1695 4050 1763 4106 et
1795 4043 2216 4123 sub.scripsi.

450 4145 528 4224 ›1‹
551 4143 704 4224 Ego
737 4145 1047 4228 wynsige
1071 4192 1087 4208 .
1107 4143 1173 4206 ffi
1196 4135 1214 4207 .
1237 4144 1552 4208 consensi
1581 4191 1596 4207 .
1622 4150 1693 4206 et
1724 4142 2146 4224 sub.scripsi.

449 4246 527 4325 ›1‹
550 4243 703 4326 Ego
734 4243 1045 4310 aebelferb
1070 4293 1084 4308 .
1110 4242 1176 4306 ffi
1203 4292 1217 4307 .
1242 4243 1599 4308 consensi.
1621 4250 1692 4306 et
1720 4242 2140 4324 sub.scripsi.
