3044 5019
538 437 670 501 308
1043 449 1389 496 cHAn'rAE
1435 446 1919 495 AnonosAon
1930 447 2123 496 1cA13.

556 612 633 692 ’14
665 607 823 672 AElf
826 605 999 671 heah
1046 607 1261 671 frater
1293 605 1442 669 eius
1475 605 1808 668 minister.
1928 606 2005 686 ’14
2036 605 2284 668 AElfsie
2314 604 2642 667 minister.

557 711 636 790 ’14
667 706 1036 772 ἰΕὔθΙΠιωι·
1066 707 1399 770 minister.
1514 705 1592 785 ’14
1625 704 1872 767 AElfric
1914 705 2248 769 minister.
2362 704 2439 784 ’14
2472 703 2651 766 AElf-

551 828 678 891 gar
736 808 1068 870 minister.
1203 808 1280 888 ’14
1316 804 1686 889 Βγώῒΐθτῦ
1739 805 2071 868 minister.
2207 806 2283 884 ’14
2321 803 2653 867 Osweard

552 907 886 971 minister.
1019 908 1098 987 ’14
1128 905 1378 970 AElfsie
1455 905 1706 988 dyring
1788 906 2121 968 minister.
2241 905 2320 984 ’14
2363 903 2658 988 Cynesie

556 1008 891 1073 minister.
1006 1008 1085 1087 ’14
1113 1004 1380 1089 Aynsie
1413 994 1770 1068 minister.¹
1890 1006 1967 1086 ’14
1999 1003 2271 1067 AElsred
2320 1004 2654 1066 minister.

562 1110 641 1189 ’14
685 1106 1019 1170 AElfheah
1075 1106 1410 1169 minister.
1530 1106 1607 1186 ’14
1642 1102 2059 1186 ΕὔθΙςθατᾶ
2125 1104 2457 1167 minister.
2574 1104 2650 1182 ’14

560 1206 945 1271 AEbelbriht
1000 1207 1334 1269 minister.
1469 1206 1549 1285 ’14
1588 1204 1801 1267 Osulf
1844 1204 2172 1267 minister.
2307 1204 2384 1284 ’14
2421 1202 2663 1283 Oswig

554 1308 890 1372 minister.
984 1308 1061 1388 ’14
1094 1306 1398 1371 Irdwold
1419 1298 1778 1368 minister.¹
1871 1305 1947 1383 ’14
1977 1302 2305 1384 Wulfgar
2326 1304 2660 1367 minister.

565 1410 644 1489 ’14
668 1407 916 1473 AElfric
951 1406 1286 1470 minister.
1406 1407 1483 1487 ’14
1517 1404 1848 1469 AElfwold
1884 1404 2216 1467 minister.

1272 1700 1962 1766 ccccxxxvn.

1298 1819 1741 1927 EADWIG,
1788 1850 1939 1913 956.

886 1997 977 2060 IN
1024 1998 1298 2062 nomine
1343 1999 1694 2062 creatricis
1748 2000 2051 2062 omnium
2095 2020 2319 2063 rerum
2356 2007 2427 2063 et
2456 2001 2669 2063 domi-

572 2001 775 2256 ἓ
788 2097 1068 2162 natricis
1124 2099 1283 2162 scae
1343 2099 1676 2164 trinitatis
1743 2100 2235 2181 omnipotentis
2288 2120 2466 2182 quae
2522 2101 2670 2163 sola

788 2217 1076 2280 regnum
1110 2197 1537 2263 immutabile
1587 2207 1656 2263 et
1696 2200 2213 2281 incorruptibile
2254 2209 2398 2282 atq:
2431 2200 2668 2264 ineffa-

568 2300 706 2367 bile
739 2305 997 2386 ppetua
1027 2305 1375 2378 potestate
1407 2299 1716 2380 possidet
1750 2320 1832 2363 ac
1863 2299 2190 2363 continet.
2298 2300 2450 2381 Ego
2485 2301 2669 2364 Ead-

564 2401 703 2481 wig
750 2399 1082 2462 industris
1129 2398 1423 2480 anglorii
1472 2418 1599 2462 rex
1632 2448 1647 2463 .
1682 2406 2134 2481 ceterarumq:
2169 2401 2406 2481 gentiii
2436 2399 2508 2462 in
2538 2401 2669 2463 cir-

571 2500 761 2565 cuitu
818 2499 1187 2587 psistentiii
1238 2499 1661 2580 gubernator
1724 2506 1794 2564 et
1853 2508 2081 2565 rector
2138 2549 2153 2564 .
2210 2501 2431 2583 primo
2491 2519 2673 2564 anno

568 2601 837 2682 imperii
903 2599 1038 2661 mei
1091 2598 1526 2663 litteratoriis
1585 2599 1833 2682 apicib:
1900 2601 2079 2664 hanc
2146 2601 2467 2664 roboraui
2523 2621 2672 2665 car-

572 2701 791 2764 tulam
825 2747 840 2762 .
877 2718 1086 2781 quam
1143 2701 1229 2763 cii
1279 2718 1621 2763 consensu
1668 2699 2028 2764 heroicorii
2071 2701 2375 2764 uirorum
2423 2701 2673 2763 tradidi

572 2800 845 2865 cuidam
891 2798 1172 2862 comiti.
1208 2820 1347 2862 non
1393 2799 1617 2863 solum
1662 2800 1828 2863 mihi
1871 2823 1914 2887 p
1955 2802 2137 2865 omia
2174 2801 2359 2864 fideli
2406 2802 2673 2865 subiec-

570 2902 759 2966 tione
791 2900 1296 2979 obtemperanti
1331 2948 1346 2963 .
1380 2919 1624 2966 uerum
1668 2900 1877 2963 etiam
1910 2901 1981 2963 in
2014 2901 2269 2965 omnib:
2302 2901 2461 2963 meii
2494 2901 2674 2964 uelle

574 3000 941 3066 subicienti
986 3018 1029 3061 a
1065 3000 1209 3062 suis
1246 3000 1620 3063 carissimis
1655 3000 2298 3083 praedecessoribus
2336 3000 2525 3063 claro
2570 3002 2674 3064 in-

573 3101 870 3182 signitus
914 3099 1192 3162 nomine
1227 3098 1550 3163 AElfhere
1589 3148 1604 3164 .
1638 3100 1907 3163 modica
1944 3101 2015 3163 in
2059 3120 2273 3181 regno
2320 3121 2473 3164 meo
2518 3120 2677 3183 par-

574 3209 715 3272 tem
765 3198 837 3262 id
897 3205 1008 3261 est
1062 3214 1222 3264 .ΧΧ.
1273 3218 1551 3266 mansos
1612 3200 2030 3287 ppetualiter
2083 3201 2381 3283 inpendo
2418 3248 2431 3261 .
2468 3220 2679 3283 penes

571 3300 787 3370 illum‚
825 3297 983 3361 locii
1034 3299 1155 3380 qui
1207 3300 1588 3363 assertione
1652 3300 1956 3364 multorii
2009 3300 2362 3364 hominum
2410 3300 2681 3387 pfertur

572 3401 673 3470 ita
713 3447 728 3464 .
764 3405 857 3462 aet
912 3399 1402 3483 cupenesdune.
1528 3398 1929 3482 Precipiens
1988 3400 2158 3483 itaq:
2235 3401 2540 3483 precipio
2602 3407 2682 3463 ut

575 3508 830 3565 terram
877 3499 1015 3562 iam
1060 3498 1400 3579 prefatam
1443 3519 1599 3562 meo
1645 3500 1909 3564 scilicet
1952 3501 2194 3564 ouanti
2244 3519 2575 3563 concessu
2609 3500 2682 3562 in

579 3600 767 3666 omni
814 3617 982 3662 suae
1033 3598 1374 3666 curriculo
1419 3600 1776 3681 possideat
1803 3600 1990 3664 uitae
2038 3648 2052 3664 .
2090 3600 2411 3683 deinceps
2447 3619 2679 3681 namq:

579 3700 720 3767 sibi
765 3697 1160 3762 succedenti
1224 3699 1563 3782 cuicumq:
1619 3700 1922 3764 uoluerit
1969 3699 2201 3763 heredi
2256 3699 2686 3782 derelinquat

576 3801 651 3866 in
710 3805 1037 3886 ppetuam
1104 3798 1578 3863 hereditatem.
1704 3800 1991 3863 Maneat
2054 3801 2268 3881 igitur
2331 3801 2488 3863 meii
2555 3799 2687 3863 hoc

577 3899 924 3966 immobile
957 3898 1142 3961 donii
1173 3906 1430 3985 ppetua
1455 3900 1778 3964 libertate
1812 3900 2082 3963 munitii
2117 3947 2130 3961 .
2168 3920 2324 3963 cum
2369 3900 2684 3962 omnibus

583 4000 674 4064 ad
726 4020 801 4064 se
857 3999 1216 4085 ptinentib:
1270 4000 1532 4084 campis
1571 4049 1585 4063 .
1617 4000 1892 4082 pascuis
1930 4048 1945 4063 .
1980 4000 2200 4083 pratis
2238 4048 2253 4063 .
2283 3999 2476 4062 siluis
2513 4047 2528 4063 .
2564 4019 2688 4063 ex-

585 4108 789 4183 cepto
818 4099 1091 4162 comuni
1122 4098 1356 4164 labore
1403 4100 1846 4182 expeditione
1878 4101 2109 4190 pontis
2156 4099 2423 4163 arcisue
2462 4099 2692 4162 coedi-

1508 4224 1521 4253 ¹
1548 4227 1631 4277 Sic
1658 4228 1770 4293 MS.
