3044 5019
610 368 741 433 254
1111 379 1454 435 cussus
1510 378 2193 430 ANGmsAxochE.

623 540 1075 623 Quapropter
1121 557 1254 620 ego
1298 536 1749 603 Eadmundus
1788 557 1914 602 rex
1964 535 2381 620 Anglorum,
2430 547 2743 604 caetera-

620 659 914 723 rumque
954 638 1265 721 gentium
1297 636 1370 705 in
1402 637 1698 705 circuitu
1741 638 2259 720 persistentium
2312 642 2739 722 gubernator

618 748 689 805 et
719 745 971 815 rector,
1006 737 1186 801 hanc
1226 737 1675 805 elemosinam
1719 736 1888 802 mihi
1933 738 2351 822 praeuidens
2405 740 2739 822 prodesse

616 838 1079 925 profuturum,
1133 836 1464 920 quicquid
1508 837 1646 920 piis
1692 837 2141 918 petitionibus
2176 858 2303 921 pro
2347 839 2459 902 dei
2505 859 2740 904 amore

617 939 915 1023 largitus
956 956 1135 1014 sum,
1176 943 1257 1001 ut
1303 936 1709 1017 euangelica
1745 936 2210 1019 prouulgatur
2247 939 2501 1017 oratio,
2548 940 2734 1003 Date

618 1045 691 1102 et
734 1037 1014 1101 dabitur
1055 1033 1279 1112 uobis,
1324 1035 1599 1102 cuidam
1650 1043 1935 1100 sanctae
1974 1038 2527 1102 conuersationis
2586 1059 2732 1102 mo-

621 1137 791 1203 niali
823 1136 1118 1203 feminae
1162 1134 1512 1199 uocitatae
1549 1135 1822 1199 nomine
1857 1135 2200 1221 AElfgype,
2232 1136 2578 1202 modicam
2612 1158 2738 1201 nu-

623 1236 830 1303 minis
881 1236 1016 1303 mei
1070 1242 1364 1319 partem,
1400 1233 1472 1301 id
1516 1241 1647 1311 est,
1693 1241 1835 1298 tres
1866 1253 2146 1300 mansas
2180 1237 2468 1318 agelluli
2513 1245 2738 1302 aeter-

626 1337 879 1404 naliter
902 1334 1240 1403 tradendo
1285 1334 1617 1411 concessi,
1660 1334 1735 1398 in
1776 1334 1930 1398 loco
1963 1334 2086 1399 illo
2122 1337 2240 1401 ubi
2278 1337 2563 1409 ruricoli
2619 1356 2739 1419 ap·-

623 1437 959 1520 pellatiuo
1023 1454 1158 1500 usu
1213 1434 1748 1516 ludibundisque
1810 1434 2172 1507 uocabulis
2236 1455 2489 1500 nomen
2561 1437 2738 1500 indi-

622 1536 896 1611 derunt,
941 1535 1028 1598 be
1080 1533 1569 1613 Rollandune3
1616 1540 1697 1597 ut
1739 1531 1995 1598 habeat
2040 1541 2111 1598 et
2165 1534 2454 1600 firmiter
2505 1542 2739 1600 teneat

623 1655 846 1719 usque
896 1634 985 1700 ad
1034 1633 1355 1699 ultimum
1414 1652 1694 1699 cursum
1749 1633 1939 1697 uitae
1990 1653 2160 1698 suae
2210 1653 2368 1698 cum
2418 1635 2739 1707 omnibus

623 1734 1037 1801 utensilibus
1090 1751 1269 1816 quae
1315 1730 1485 1797 deus
1537 1732 1887 1798 caelorum
1933 1733 2007 1796 in
2058 1733 2214 1816 ipso
2242 1734 2530 1807 „telluris
2579 1755 2738 1817 gra-

625 1835 809 1903 mine
854 1831 1141 1910 creauit,
1194 1838 1339 1897 tam
1382 1831 1456 1895 in
1500 1832 1689 1896 notis
1748 1832 1976 1896 causis
2021 1840 2093 1897 et
2144 1835 2429 1916 ignotiS,
2474 1834 2549 1897 in
2594 1854 2741 1898 mo-

628 1934 800 1998 dicis
846 1940 918 1998 et
949 1934 1023 1997 in
1067 1932 1365 2013 magnis,
1405 1931 1693 2014 campis,
1742 1933 2045 2014 pascuiS,
2094 1934 2339 2016 pratiS,
2393 1935 2741 1998 cursibus-

630 2053 766 2116 que
825 2050 1186 2114 aquarum,
1241 2031 1508 2097 donans
1567 2029 1840 2095 donabo
1910 2032 2345 2113 libertatem3
2418 2041 2489 2098 et
2549 2041 2742 2116 post-

628 2151 840 2215 quam
890 2130 1173 2198 humani
1236 2128 1508 2211 generis
1568 2129 2019 2211 fragilitatem
2074 2131 2476 2210 deseruerit,
2529 2140 2601 2197 ct
2656 2133 2743 2197 ad

629 2230 1156 2298 desiderabilem
1200 2228 1652 2295 iocunditatis
1706 2229 1892 2294 uiam
1945 2250 2069 2314 per
2119 2234 2417 2314 gratiam
2461 2234 2744 2315 superni

627 2330 877 2401 iudicis
927 2329 1198 2406 adierit,
1263 2329 1774 2394 succedentium
1827 2331 1960 2394 sibi
2009 2332 2415 2415 cuicumque
2465 2332 2745 2401 libuerit

628 2431 1077 2496 aeternaliter
1108 2428 1568 2512 derelinquat,
1603 2448 1730 2492 ceu
1764 2431 2082 2514 superius
2118 2429 2555 2515 praenotaui.
2639 2431 2746 2496 Sit

632 2538 866 2598 autem
931 2529 1360 2614 praedictum
1421 2549 1541 2593 rus
1602 2529 1777 2594 liber
1840 2531 1927 2594 ab
1974 2532 2159 2595 omni
2208 2532 2431 2596 fiscali
2479 2533 2744 2597 tributo

631 2631 1227 2721 saeculariumque
1319 2629 1606 2694 seruitio
1684 2630 2140 2714 exinanitum,
2219 2633 2369 2695 sine
2453 2633 2741 2714 expedi-

632 2731 820 2794 tione
865 2737 935 2793 et
987 2730 1220 2813 pontis
1268 2728 1536 2793 arcisue
1579 2729 2077 2811 instructione3
2142 2732 2633 2815 praecipioque
2675 2732 2747 2794 in

633 2831 908 2894 nomine
952 2829 1062 2893 dei
1107 2828 1355 2892 summi
1404 2834 1551 2891 tam
1602 2829 1799 2893 nobis
1835 2830 2230 2894 uiuentibus
2265 2850 2476 2913 quam
2530 2831 2742 2895 etiam

632 2930 871 2994 diuina
923 2935 1296 3012 praecepta
1339 2927 1921 3009 praedicantibus»,
1974 2929 2177 2994 huius
2224 2930 2568 2995 libertatis
2598 2937 2742 2994 sta-

633 3036 790 3094 tuta
823 3030 911 3093 ad
944 3029 1215 3092 irritum
1251 3027 1588 3091 deducere
1631 3028 1908 3091 minime
1940 3030 2283 3112 quispiam
2316 3038 2740 3113 praesumat.

636 3127 972 3211 Quisquis
1037 3127 1364 3192 beniuola
1427 3135 1658 3191 mente
1721 3146 1945 3191 meam
2002 3128 2442 3193 donationem
2493 3130 2742 3213 ampli-

635 3228 844 3298 ficare
895 3228 1257 3308 satagerit,
1305 3227 1380 3290 in
1424 3226 1555 3291 hoc
1605 3227 1955 3310 praesenti
2014 3229 2296 3293 saeculo
2353 3230 2505 3293 uita
2555 3229 2742 3293 illius

633 3346 970 3411 prospera
1034 3325 1325 3390 feliciter
1389 3325 1833 3408 longiturnae
1895 3326 2083 3392 uitae
2162 3328 2419 3410 gaudia
2481 3328 2741 3394 teneat.

637 3428 713 3494 Si
769 3426 924 3509 quis
974 3433 1205 3494 autem
1253 3426 1535 3509 propria
1581 3427 1971 3491 temeritate
2024 3428 2365 3492 uiolenter
2413 3428 2747 3492 inuadere

635 3526 1201 3612 praesumpserit,
1261 3527 1441 3590 sciat
1502 3543 1581 3589 se
1640 3526 1882 3609 procul
1938 3525 2145 3592 dubio
2210 3535 2372 3591 ante
2437 3528 2747 3593 tribunal

637 3626 936 3691 districti
968 3625 1217 3690 iudicis
1244 3626 1660 3690 titubantem
1705 3628 2367 3711 tremebundumque
2409 3627 2752 3692 rationem

639 3726 1089 3803 redditurum,
1146 3726 1280 3790 nisi
1341 3724 1533 3808 prius
1591 3726 1803 3807 digna
1860 3727 2335 3792 satisfactione
2385 3727 2752 3791 emendare

638 3826 984 3891 maluerit.
1092 3825 1260 3894 Istis
1323 3825 1728 3890 terminibus
1786 3826 2144 3907 praedicta
2207 3835 2396 3892 terra
2453 3827 2749 3891 circum-

636 3932 890 4009 gyrata
964 3943 1115 3989 esse
1168 3925 1467 4002 uidetur,
1518 3932 1651 3988 etc.
1768 3922 1955 3991 Acta
2024 3934 2134 3990 est
2193 3927 2364 3991 haec
2428 3927 2750 4009 praefata

520 4035 525 4039 ’
638 4025 923 4090 donatio
990 4044 1174 4088 anno
1240 4026 1328 4087 ab
1395 4024 1871 4089 incarnatione
1927 4026 2186 4091 domini
2252 4027 2473 4091 nostri
2536 4025 2746 4091 Ihesu

643 4124 904 4189 Christi
935 4139 1407 4190 Dccccxmm.
1436 4123 1808 4190 indictione
1843 4142 1920 4188 11.
