3044 5019
647 392 778 458 128
1150 409 1496 458 cunnus
1541 407 2218 457 AncmsAxochss.

644 566 940 632 reddidit
990 565 1403 632 Ae5eluuls0
1449 569 1777 651 pristinos
1823 567 2091 631 libellos
2140 587 2184 630 a
2220 563 2625 649 Cynebryba
2673 574 2739 629 et

647 668 971 731 AElflaeda
1020 669 1474 752 conscriptos,
1518 677 1591 733 et
1639 667 2088 732 Aesseluulfus
2138 668 2202 730 ei
2249 668 2459 730 istum
2502 673 2740 748 postea

642 769 941 831 scribere
986 769 1489 850 praecipiebat:
1554 788 1640 832 ea
1681 788 1976 850 namque
2019 767 2343 844 dictione,
2380 775 2459 830 ut
2490 765 2741 830 habeat

638 875 712 931 et
763 867 1160 951 perfruatur
1201 889 1325 950 per
1361 876 1674 951 tempora
1706 869 1899 933 uitae
1946 888 2136 946 suae,
2184 876 2255 931 et
2302 874 2547 949 postea
2597 867 2740 929 sine

638 968 1184 1033 contradictione
1240 969 1569 1033 reddatur
1620 970 1708 1032 ad
1767 969 1997 1033 sedem
2051 967 2508 1050 episcopalem
2564 966 2743 1049 quae

638 1076 748 1133 est
796 1069 869 1131 in
921 1068 1444 1149 Uueogernensi
1489 1069 1800 1146 ciuitate,
1851 1068 2172 1144 antistiti,
2221 1067 2745 1149 qualiscumque

640 1176 867 1233 rector
896 1176 968 1233 et
999 1170 1420 1250 gubernator
1461 1169 1648 1232 illius
1692 1178 1858 1234 tunc
1893 1168 2231 1244 existerit,
2270 1188 2396 1250 pro
2428 1167 2740 1248 redemp-

639 1269 828 1333 tione
892 1269 1166 1333 animae
1233 1268 1552 1333 Cenuulfi
1614 1268 1798 1351 regis
1872 1275 1944 1332 et
2005 1269 2311 1332 omnium
2371 1266 2739 1330 haeredum

638 1369 882 1450 ipsiuS,
926 1389 1194 1432 necnon
1247 1389 1522 1452 quoque
1561 1377 1632 1433 et
1670 1389 1795 1453 pro
1844 1368 2290 1432 renouatione
2333 1375 2404 1431 et
2434 1368 2737 1431 reconci-

637 1467 923 1532 liatione
956 1469 1149 1551 pacis
1205 1469 1384 1532 inter
1422 1471 1613 1533 illam
1661 1468 1990 1532 familiam
2023 1488 2201 1551 quae
2244 1475 2352 1530 est
2396 1468 2467 1530 in
2503 1466 2736 1530 Uueo-

637 1568 960 1649 gemensi
992 1568 1278 1632 ciuitate
1308 1575 1380 1632 et
1407 1569 1599 1634 illam
1631 1590 1810 1652 quae
1850 1577 1958 1633 est
1982 1569 2053 1632 in
2078 1568 2641 1644 Uuincelcumbe,
2671 1575 2740 1631 et

636 1668 996 1732 sedatione
1030 1668 1414 1733 discordiae
1445 1679 1517 1735 et
1550 1670 2005 1734 conuitiarum
2036 1687 2211 1751 quas
2250 1676 2410 1732 ante
2453 1667 2635 1730 inter
2664 1686 2737 1730 se

635 1768 1044 1833 habuerunt.
1125 1768 1218 1832 Et
1243 1776 1323 1831 ut
1354 1768 1477 1833 illa
1496 1790 1641 1852 pax
1670 1788 1876 1853 quam
1897 1766 2342 1833 Uuaerfribus
2373 1769 2734 1850 episcopus

632 1877 702 1932 et
737 1866 1186 1933 Aebeluulfus
1230 1868 1400 1945 dux,
1443 1890 1602 1933 cum
1652 1870 2045 1933 testimonio
2079 1866 2389 1931 Aelfredi
2431 1868 2615 1948 regis
2663 1874 2732 1930 et

629 1967 993 2033 Aebelredi
1025 1969 1223 2032 ducis
1270 1968 1688 2034 Merciorum
1741 1976 1950 2050 atque
2000 1968 2304 2032 omnium
2338 1974 2729 2030 senatorum

633 2070 964 2151 ipsorum,
998 2070 1436 2147 inuenerunt,
1458 2070 1720 2133 firmior
1739 2089 1820 2132 ac
1843 2068 2157 2132 stabilior
2186 2068 2368 2130 inter
2392 2067 2550 2129 illas
2581 2087 2731 2149 per-

630 2169 1004 2251 petualiter
1033 2178 1487 2251 permaneret.
1593 2170 1687 2234 Et
1716 2169 1886 2232 haec
1917 2167 2230 2231 diffinitio
2262 2187 2418 2230 cum
2452 2166 2733 2231 Uullaso

632 2270 819 2334 facta
848 2280 956 2333 est
987 2290 1144 2333 cum
1190 2271 1585 2334 testimonio
1623 2269 2173 2351 supradictarum
2222 2267 2630 2330 familiarum
2666 2274 2735 2331 et

630 2390 868 2434 eorum
914 2370 1268 2434 hominum
1311 2391 1606 2453 quorum
1655 2369 1936 2433 nomina
1992 2367 2173 2431 infra
2221 2374 2556 2433 caraxata
2605 2386 2732 2450 pa-

632 2472 899 2535 tebunt.

742 2573 822 2653 »14
885 2570 1038 2650 Ego
1109 2570 1477 2636 Uuaersrib
1541 2572 1908 2656 episcopus
1973 2570 2313 2635 consensi.
2444 2571 2521 2650 »14
2583 2568 2733 2650 Ego

632 2670 994 2734 Berhthun
1053 2674 1414 2753 presbiter.
1546 2674 1626 2754 »14
1670 2675 1822 2757 Ego
1885 2669 2313 2736 Berhtmund
2376 2669 2726 2751 presbiter.

636 2772 719 2851 »14
760 2771 912 2853 Ego
947 2771 1242 2836 Tidbald
1277 2774 1636 2856 presbiter.
1751 2776 1831 2856 »14
1876 2774 2027 2853 Ego
2061 2770 2348 2853 Cynelm
2375 2770 2727 2832 diaconuS.

639 2873 719 2953 »14
761 2871 914 2953 Ego
967 2871 1258 2954 Ecgserb
1312 2874 1669 2938 diaconus,
1795 2877 1872 2956 »14
1918 2872 2071 2953 Ego
2123 2869 2524 2951 Wigheard.
2640 2870 2717 2949 »14

631 2972 784 3053 Ego
831 2970 1209 3037 Aebeluulf
1232 2975 1399 3038 dux.
1516 2976 1594 3055 »14
1642 2973 1795 3056 Ego
1827 2972 2140 3052 Wigred.
2256 2973 2333 3052 »14
2373 2967 2729 3032 Cenbriht.

636 3073 714 3152 »14
757 3071 1156 3154 Wynhelm.
1258 3076 1336 3155 »14
1383 3071 1685 3137 Alhelm.
1800 3074 1878 3153 »14
1919 3072 2072 3153 Ego
2127 3068 2523 3134 Deorbriht.
2640 3069 2720 3149 »14

626 3167 1055 3253 ΑθόθΙεννγό.
1170 3175 1250 3255 »14
1293 3171 1676 3257 Ψίςεννγό.
1780 3175 1858 3254 »14
1891 3172 2112 3235 Lulle.
2400 3173 2423 3188 ⁹

1429 3468 1927 3535 CCCXXIV.

1007 3619 1475 3684 AELFRED
1528 3619 1655 3684 OF
1701 3619 2138 3698 WESSEX,
2184 3619 2335 3685 898.

716 3769 794 3848 »14
837 3766 926 3831 ΙΝ
963 3768 1237 3832 nomine
1281 3768 1412 3832 d'rie
1446 3789 1579 3850 ego
1632 3767 1976 3833 aelfraedus
2011 3770 2239 3851 gratia
2271 3767 2341 3832 di
2385 3787 2731 3832 saxonum

618 3886 744 3930 rex
778 3913 794 3930 .
825 3888 977 3931 meo
1011 3869 1196 3931 fideli
1220 3869 1394 3931 duce
1433 3869 1708 3950 sigilmo
1735 3869 2036 3932 concedo
2064 3871 2132 3933 in
2161 3876 2566 3952 perpetuam
2604 3888 2730 3949 po-

617 3966 994 4029 sessionem
1044 3976 1296 4031 terram
1341 3969 1509 4053 iuris
1541 3970 1672 4033 mei
1707 3969 2049 4051 uniusque
2079 3969 2423 4033 manentis
2462 3969 2534 4030 in
2578 3967 2732 4031 loco

618 4066 735 4147 qui
788 4065 1038 4129 dicitur
1094 4065 1448 4148 searnleag
1509 4091 1553 4158 7
1603 4088 1692 4131 an
1750 4068 2025 4151 myclan
2082 4070 2289 4133 wisce
2343 4086 2420 4132 Ul
2474 4089 2747 4133 aeceres

617 4165 834 4228 maede
862 4166 1010 4229 into
1053 4164 1207 4229 bam
1259 4166 1466 4230 lande
1511 4187 1599 4230 an
1651 4167 2165 4233 norbeweardre
2214 4167 2342 4234 wib
2374 4170 2726 4233 eadweald
