3044 5019
898 439 1244 487 cHAR'rAE
1291 439 1975 488 ANcmsAxochn.
2345 423 2479 487 427

355 592 532 659 Non
571 612 728 657 eum
760 593 1142 675 corporalis
1185 594 1595 680 debilitabat
1630 596 2062 673 imbecilitas,
2100 615 2229 660 nec
2261 596 2471 660 animi

350 693 718 775 affligebat
753 694 1095 757 anxietas.
1205 692 1371 757 Non
1397 702 1568 777 typo
1591 695 1766 759 leuis
1789 698 2201 778 raptabatur
2234 715 2474 777 super-

352 794 567 879 biae3
619 793 740 856 sed
777 812 906 857 suo
942 811 1017 856 se
1057 792 1483 874 coniungens
1530 797 1800 859 auctori
1847 796 2125 859 humilis
2169 795 2477 878 pollebat

351 892 673 956 mirifice.
786 892 952 956 Non
1003 912 1160 955 eum
1212 893 1441 956 inanis
1481 894 1819 959 tumidum
1863 897 2173 960 uexabat
2226 895 2476 976 gloria,

352 991 481 1056 sed
539 991 869 1056 deuotum
923 992 1256 1056 creatoris
1308 992 1801 1073 magnificabat
1851 994 2203 1059 memoria.
2309 992 2473 1057 Non

351 1092 631 1155 inuidia
659 1111 816 1154 eum
870 1091 1097 1156 alieno
1145 1093 1517 1172 torquebat
1553 1092 1891 1174 profectu,
1941 1094 2062 1156 sed
2115 1092 2475 1156 charitatis

352 1192 622 1273 iugiter
653 1191 1050 1257 laetabatur
1080 1191 1432 1272 amplexu.
1542 1191 1709 1255 Non
1750 1193 1855 1257 ira
1895 1193 2336 1257 cruciabatur
2364 1193 2469 1255 in-

355 1290 613 1367 festus,
645 1290 765 1353 sed
813 1288 1173 1353 charitatis
1219 1291 1728 1373 tranquillitate
1777 1292 2165 1356 leniebatur
2198 1292 2467 1374 patien-

356 1390 701 1453 tissimus,
809 1387 976 1452 Non
1030 1408 1187 1454 eum
1230 1389 1517 1455 tristitia
1557 1411 1866 1455 moerore
1913 1392 2300 1467 deficiebat,
2353 1390 2474 1454 sed

357 1490 608 1571 gaudii
641 1488 1023 1572 spiritualis
1057 1507 1181 1571 spe
1215 1489 1517 1572 pollente
1557 1489 1872 1555 florebat.
1978 1491 2145 1555 Non
2177 1491 2477 1554 auaritia

357 1589 656 1651 nimium
718 1588 1141 1651 incitabatur
1204 1589 1522 1670 cupiduS‚
1579 1590 1700 1653 sed
1764 1590 2183 1672 dapsilitatis
2232 1589 2474 1656 ,studio

361 1687 825 1751 exercebatur
852 1687 1308 1768 largissimus.
1412 1686 1578 1752 Non
1608 1687 1850 1753 illicito
1880 1690 2218 1753 massicus
2250 1688 2475 1752 delec-

361 1788 656 1850 tabatur
705 1785 959 1862 edulio,
999 1787 1120 1850 sed
1169 1786 1509 1869 parcitate
1556 1795 1947 1864 contentus,
1992 1788 2183 1852 licito
2228 1790 2474 1858 uteba-

362 1893 486 1949 tur
520 1885 803 1949 cibario.
908 1884 1074 1948 Non
1125 1885 1406 1948 luxuria
1440 1905 1593 1948 eum
1628 1887 2034 1951 stimulabat
2066 1887 2153 1950 ad
2187 1887 2477 1964 nefaria,

331 1983 332 1986 ’
364 1985 494 2048 sed
530 1984 956 2048 continentia
997 1992 1396 2067 competens
1444 1986 1966 2065 constringebat
2013 1986 2099 2049 ad
2145 1987 2477 2068 praemia,

366 2084 705 2148 Omnium
736 2083 1110 2166 policrates
1141 2084 1505 2161 uirtutum,
1534 2085 1802 2149 cunctis
1848 2104 2093 2150 carens
2139 2085 2477 2163 aduersiS‚

364 2184 693 2248 omnibus
725 2183 977 2247 florens
1003 2184 1378 2265 prosperiS,
1412 2184 1545 2248 rite
1577 2185 1884 2267 pollebat
1915 2185 2281 2267 ingenuus,

368 2369 473 2412 111.
545 2345 853 2417 Quomodo
927 2347 1145 2410 coelum
1195 2350 1322 2410 sine
1372 2358 1558 2410 morte
1596 2350 1971 2412 conscendere
2019 2351 2368 2431 confidebat,
2427 2360 2486 2412 et

720 2449 992 2513 diabolus
1021 2450 1265 2514 inuidus
1293 2471 1365 2513 ne
1392 2452 1730 2517 ascenderet
1756 2452 2129 2536 impediebat.

483 2574 625 2653 Qui
666 2576 861 2658 prole
902 2575 989 2639 ad
1035 2596 1394 2639 numerum
1443 2583 1725 2658 patrata
1768 2578 2311 2659 superbientium
2356 2598 2480 2642 an·

373 2675 692 2757 gelorum
734 2675 1061 2738 uniuersa
1100 2676 1477 2740 comitante
1526 2676 1856 2759 prosapia
1895 2678 2043 2741 sine
2075 2679 2262 2742 loeto
2311 2697 2478 2759 gus-

376 2782 532 2839 tato
561 2773 734 2855 ligni
762 2773 964 2838 uetiti
1006 2775 1238 2839 fructu
1266 2775 1624 2841 aethereos
1671 2784 1997 2840 aeternae
2028 2778 2479 2842 beatitudinis

374 2880 757 2957 suggestus
792 2874 1127 2938 triuiatim
1173 2893 1330 2937 cum
1368 2874 1647 2940 domino
1686 2895 1988 2958 regnans
2024 2878 2481 2943 conscendere

377 2973 773 3038 macrobius
800 2973 1212 3038 confidebat.
1304 2972 1601 3039 Inuidus
1633 2976 1851 3056 igitur
1881 2975 2011 3040 hoc
2045 2975 2480 3041 animaduer-

383 3081 540 3138 tens
579 3072 893 3137 Zabulus
942 3072 1157 3135 nimia
1207 3073 1569 3154 perculsus
1615 3074 1902 3153 inuidia,
1949 3076 2185 3140 rimari
2233 3077 2480 3142 callide

380 3180 708 3236 uersutus
752 3179 1099 3254 coeperat,
1152 3172 1405 3254 quibus
1444 3173 1717 3263 insidiis
1769 3194 1856 3238 ne
1902 3175 1991 3240 ad
2037 3183 2306 3240 tantam
2354 3194 2482 3239 nu-

382 3271 591 3336 minis
642 3271 1134 3335 conscenderet
1179 3272 1473 3354 gloriam
1527 3274 1860 3338 subdolus
1905 3274 2289 3357 deciperet3
2352 3295 2480 3358 pro

384 3370 599 3436 nihilo
672 3370 850 3436 forte
925 3370 1183 3436 ducens
1233 3391 1589 3451 concessa,
1651 3374 1896 3438 illicita
1964 3375 2249 3438 nimium
2304 3376 2482 3438 allu-

384 3469 727 3535 bescendo
782 3469 1098 3547 laudanS,
1151 3471 1506 3535 mulierem
1555 3472 1923 3535 admodum
1970 3471 2286 3552 fragilem
2335 3475 2483 3555 pel-

385 3570 583 3632 lexit.
690 3567 891 3646 Quae
946 3571 1054 3633 sui
1093 3570 1484 3635 detrimenti
1524 3571 1802 3633 minime
1854 3577 2206 3648 contenta,
2255 3572 2481 3637 uirum

387 3668 812 3732 muliebriter
875 3669 1162 3745 uictum,
1240 3668 1512 3733 blandis
1586 3668 2027 3734 suasionibus
2099 3670 2483 3747 delinitum,

390 3767 579 3845 exili,
630 3767 805 3832 heu!
875 3768 1059 3831 malo
1105 3774 1415 3848 gustam,
1461 3768 1593 3831 sibi
1647 3768 1936 3834 similem
1990 3770 2273 3849 faciens,
2327 3792 2481 3856 per-

389 3866 586 3931 didit.

391 4051 473 4094 ιν.
526 4029 835 4098 Quomodo
867 4032 932 4092 in
960 4031 1075 4092 hac
1117 4033 1364 4093 miseria
1407 4034 1677 4096 omnibus
1706 4037 1954 4118 priuati
1984 4034 2308 4096 uirtutibus
2323 4025 2491 4096 'deii-

736 4135 976 4194 ciuntur
1004 4134 1351 4218 tandemque
1380 4136 1781 4197 cataclismate
1809 4137 2142 4198 demuntur.

497 4259 794 4340 Utrique
850 4258 1126 4322 tandem
1192 4259 1525 4341 praefatis
1586 4259 1844 4339 priuati
1899 4259 2228 4337 donariiS,
2287 4280 2490 4342 para-
