3044 5019
629 424 761 488 102
1141 438 1488 486 caurus
1534 438 2217 487 Aucmssxomcut.

631 603 793 679 post
835 615 914 659 se
956 595 1421 678 relinquisset,
1465 605 1537 661 et
1587 604 1751 680 post
1802 596 1950 661 dies
2005 595 2298 659 istorum
2360 592 2728 659 haeredum

634 695 989 759 antedicta
1032 704 1220 760 terra
1264 697 1354 760 ad
1395 697 2004 779 Uueogernensem
2048 695 2402 759 ciuitatem
2456 694 2727 769 rediret,

634 816 762 879 pro
792 797 1025 858 anima
1047 796 1387 860 Ceoluulfi
1419 799 1604 879 regis
1633 805 1704 861 et
1729 804 2159 880 posterorum
2185 796 2396 872 illius,
2419 800 2489 859 et
2507 801 2732 857 tamen

634 897 924 960 libertas
966 896 1364 978 supradicta
1403 898 1897 980 perpetualiter
1940 903 2394 978 permaneret.
2500 893 2734 957 Omni-

638 1003 887 1078 potens
925 995 1098 1059 deus
1139 996 1299 1061 illos
1345 997 1717 1075 custodiat,
1746 998 1867 1080 qui
1914 995 2046 1060 hoc
2096 996 2352 1059 donum
2395 994 2735 1059 custodire

636 1095 1036 1177 dignentur,
1085 1104 1156 1160 et
1202 1096 1322 1179 qui
1372 1097 1637 1161 uiolare
1676 1096 2192 1180 temptauerint,
2236 1096 2455 1159 sciant
2510 1114 2585 1157 se
2631 1113 2736 1157 ra-

637 1196 896 1260 tionem
925 1195 1314 1261 reddituros
1346 1197 1420 1259 in
1449 1197 1803 1261 tremendo
1832 1195 2168 1260 examinis
2183 1195 2316 1260 die.
2422 1194 2550 1257 Hii
2581 1201 2742 1257 sunt

649 1303 862 1360 testes
905 1303 976 1359 et
1020 1296 1538 1360 confirmatores
1588 1297 1791 1360 huius
1835 1296 2229 1361 donationis
2273 1312 2560 1377 quorum
2615 1314 2736 1358 no-

644 1395 835 1460 mina
862 1394 1046 1459 infra
1073 1396 1277 1477 signo
1308 1405 1595 1461 sanctae
1621 1397 1843 1462 crucis
1872 1402 2223 1461 notantur.

754 1495 832 1575 »14
878 1494 1034 1577 Ego
1069 1494 1399 1560 Ceoluulf
1422 1517 1549 1560 rex
1583 1497 2028 1573 Merciornm‚
2061 1496 2243 1561 hanc
2286 1494 2741 1558 conditionem

642 1594 924 1676 propria
962 1614 1171 1659 manu
1203 1596 1555 1661 confirmo.
1672 1599 1750 1679 »14
1792 1597 1946 1679 Ego
1992 1595 2344 1660 Eadlmrht
2386 1595 2745 1677 episcopus

642 1695 984 1759 consensi.
1129 1698 1211 1778 »14
1263 1696 1421 1778 Ego
1504 1696 1886 1762 Uuaerferss
1957 1697 2324 1779 episcopus
2402 1694 2739 1758 consensi.

655 1796 733 1876 »14
781 1794 933 1876 Ego
979 1795 1277 1859 Deorlaf
1313 1797 1702 1880 episcopuS.
1818 1798 1896 1878 »14
1940 1797 2092 1879 Ego
2136 1792 2531 1861 Beorhtnoli
2577 1794 2740 1857 duX.

657 1895 735 1975 »14
775 1893 931 1977 Ego
967 1892 1328 1961 Aelielhun
1356 1897 1528 1961 dux.

1520 2194 1889 2259 CCCVII.

1295 2340 1898 2419 EARDWULF,
1944 2341 2094 2405 875.

753 2487 843 2553 IN
902 2489 1175 2553 nomine
1224 2488 1361 2553 diio
1417 2490 1776 2573 regnantis
1829 2512 1953 2574 per
2003 2489 2237 2555 omnia
2270 2508 2354 2554 ac
2384 2490 2746 2573 disponen-

650 2587 742 2650 tis
771 2588 1027 2670 ubique
1055 2590 1288 2653 omnia
1330 2591 1532 2654 cuius
1570 2591 1904 2655 melliflua
1935 2591 2262 2672 largitate
2306 2591 2567 2654 ditatus
2621 2608 2749 2670 ego

649 2685 1048 2751 earddulfus
1089 2690 1269 2754 dabo
1301 2710 1385 2754 ac
1417 2691 1721 2755 concedo
1763 2692 1986 2755 amico
2025 2710 2182 2755 ineo
2214 2690 2578 2772 wighelmo
2622 2689 2749 2752 ali-

651 2785 789 2867 quii
831 2791 1030 2869 parte
1064 2795 1246 2853 terre
1289 2791 1459 2853 iuris
1492 2785 1627 2854 mei
1669 2789 1807 2855 Baet
1858 2791 1920 2855 is
1971 2810 2064 2855 an
2108 2791 2427 2871 swulung
2471 2789 2608 2853 and
2660 2808 2748 2852 an

649 2886 903 2950 iocleta
932 2887 1002 2950 in
1033 2888 1156 2951 illo
1189 2888 1343 2954 loco
1377 2891 1496 2954 ubi
1527 2890 1617 2953 ab
1648 2891 1896 2955 incolis
1928 2891 2118 2956 dictii
2151 2898 2259 2955 est
2290 2898 2383 2954 aet
2406 2889 2636 2953 Hfime
2664 2890 2751 2951 cii

651 2986 829 3049 eade
882 2987 1202 3053 libertate
1243 2990 1384 3072 qua
1417 2990 1741 3054 aelsredus
1786 3011 1913 3055 rex
1961 2991 2438 3056 Occidentalifl
2480 2991 2752 3052 saxonii

651 3104 779 3148 nec
823 3106 963 3150 non
1008 3095 1103 3152 eet
1140 3090 1602 3154 cantwariorfi
1634 3091 1801 3154 mihi
1846 3092 1918 3155 in
1961 3091 2070 3155 ius
2114 3090 2397 3174 propriii
2442 3091 2528 3153 cii
2570 3089 2750 3152 mul-

650 3185 810 3247 torii
841 3185 1074 3249 fideliii
1116 3189 1511 3254 testimonio
1546 3190 1834 3255 donauit
1872 3190 1998 3254 hec
2031 3190 2211 3256 facio
2246 3210 2375 3274 pro
2405 3190 2551 3254 eius
2585 3208 2752 3252 con-

650 3285 915 3366 petenti
950 3292 1163 3369 atque
1204 3289 1370 3352 mihi
1414 3290 1737 3371 placabili
1773 3292 2068 3405 pecunia
2100 3291 2237 3373 quii
2278 3292 2366 3354 ab
2401 3310 2483 3355 eo
2515 3290 2753 3372 accepi

651 3382 722 3445 id
759 3391 927 3448 est.
951 3402 1034 3449 c,
1069 3386 1320 3468 uiginti
1352 3409 1718 3454 mancusas
1750 3391 1903 3454 auri
1933 3390 2281 3474 purissimi
2309 3391 2448 3454 ista
2475 3390 2753 3454 aetenim

654 3490 838 3548 terra
886 3484 1160 3589 prefata
1197 3486 1303 3551 his
1355 3490 1762 3554 terminibus
1803 3490 2042 3573 undiq.
2078 3491 2491 3555 circucincta
2515 3513 2559 3557 ι
2665 3488 2753 3552 Ιιι

650 3583 913 3648 oriente
949 3551 1037 3649 Ιιῖι
1070 3585 1286 3650 fleot‘
1266 3608 1339 3650 ιιι
1371 3589 1725 3653 occidente
1756 3591 2037 3674 puplica
2067 3599 2292 3655 strata
2323 3591 2395 3653 in
2428 3589 2753 3672 aquilone

649 3682 917 3748 hiredes
951 3693 1148 3750 seota
1178 3693 1254 3749 to
1286 3695 1519 3770 presta
1554 3697 1720 3753 tune
1750 3713 1793 3782 7
1826 3711 1903 3754 se
1941 3710 2161 3754 mersc
2194 3710 2268 3754 se
2291 3698 2364 3754 to
2383 3688 2540 3753 {Sam
2572 3689 2754 3753 ilcan

648 3782 852 3847 lande
883 3786 969 3847 be
1000 3783 1209 3867 limpss
1234 3806 1391 3868 quae
1409 3787 1730 3853 aelfredus
1764 3810 1889 3853 rex
1924 3791 2012 3854 ad
2045 3791 2421 3872 augmentii
2448 3790 2756 3873 predicte

649 3881 1044 3947 donationis
1105 3886 1391 3950 tradidit
1452 3896 1546 3952 aet
1590 3889 1661 3952 in
1708 3891 1989 3953 meridie
2039 3890 2322 3973 puplica
2383 3897 2610 3954 strata
2669 3888 2755 3953 oa

645 3978 820 4044 {Sane
865 3981 1032 4045 ford
1073 3984 1191 4048 isti
1237 3995 1400 4050 sunt
1435 3990 1708 4052 termini
1755 3990 1957 4054 huius
1989 3991 2447 4097 prenominati
2476 3991 2751 4053 marisci

646 4082 720 4144 in
760 4082 1024 4146 oriente
1058 4083 1332 4148 hiredes
1379 4093 1597 4151 merso
1649 4096 1722 4152 to
1758 4097 2003 4197 presta
2057 4098 2223 4153 tune
2272 4090 2345 4152 in
2396 4090 2752 4154 occidente

643 4181 1052 4247 heserfleot
1034 4204 1105 4248 ιιι
1139 4186 1460 4268 aquilone
1492 4187 1581 4250 ha
1614 4188 1778 4253 fleot
1821 4157 1893 4253 in
1937 4190 2217 4254 meridie
2260 4190 2381 4254 illa
2424 4190 2580 4271 ipsa
2614 4199 2749 4255 ter-
