3044 5019
846 428 1190 476 cHARrAss
1238 427 1921 475 ANcnosAonchE.
2308 412 2439 475 339

303 589 541 668 igitur
594 586 883 667 Eadwig
941 604 1065 649 rex
1131 584 1345 647 totius
1401 581 1720 646 Albionis
1780 601 1855 647 x.
1898 603 2199 662 mansaS,
2240 587 2425 668 quod

306 687 595 768 Cnugel
629 687 1000 762 uocitatur‚
1030 705 1183 748 meo
1230 683 1414 747 fideli
1459 683 1790 759 uassaIIO,
1833 685 2104 748 nomine
2135 685 2421 763 Wiferb,

299 787 376 849 in
414 787 918 850 haereditatem
961 792 1364 867 perpetuam
1402 783 1694 846 libenter
1726 784 2050 848 concedo.
2156 784 2249 850 Et
2279 787 2422 849 cui-

303 907 616 970 cumque
667 886 966 950 uoluerit
1000 884 1165 947 dare
1215 890 1375 966 post
1427 884 1715 959 obitum,
1764 883 2117 947 liberalem
2172 885 2423 949 habeat

303 993 762 1069 potestatem.
872 985 994 1048 Dis
1029 986 1169 1047 sint
1197 987 1279 1068 pa
1308 983 1472 1047 lond
1502 1002 1846 1065 gemaer0,
1879 991 2011 1046 etc.

424 1089 511 1168 »Β
560 1087 710 1167 Ego
775 1084 1070 1166 Eadwig
1133 1104 1257 1147 rex
1319 1084 1533 1146 totius
1599 1080 1917 1145 Albionis
1976 1081 2106 1145 hoc
2167 1081 2421 1144 donum

302 1187 520 1267 signo
548 1191 830 1248 sanctae
863 1185 1085 1247 crucis
1118 1183 1461 1247 roboraui.
1578 1184 1656 1264 ›1‹
1702 1182 1855 1264 Ego
1893 1181 2050 1245 Oda
2084 1180 2420 1263 archiepi-

302 1304 572 1367 scopus
600 1285 939 1366 impressi.
1054 1285 1132 1365 *1⁴
1174 1282 1328 1364 Ego
1349 1280 1647 1363 AElfsige
1679 1283 2044 1364 episcopus
2079 1280 2421 1344 consensi.

315 1386 399 1466 ›1‹
450 1385 607 1465 Ego
640 1383 988 1465 Wulfsige
1039 1384 1404 1464 episcopus
1454 1381 1798 1462 adquieui.
1914 1385 1991 1464 ›1‹
2034 1381 2185 1462 Ego
2222 1379 2436 1442 Osulf

303 1484 683 1567 episcopus
717 1483 1141 1548 confirmaui.
1255 1484 1333 1564 ›1‹
1368 1481 1520 1562 Ego
1554 1480 1806 1544 Daniel
1837 1482 2224 1564 episcopuS‚
2259 1498 2422 1561 rege

304 1584 621 1661 iubente,
675 1583 1075 1666 conscripsi.
1189 1583 1267 1663 »1⁴
1330 1581 1481 1663 Ego
1532 1580 1814 1662 Eadgar
1867 1581 2031 1644 clito
2075 1580 2420 1643 robor-aui.

314 1684 398 1764 ›1‹
444 1683 601 1765 Ego
635 1682 995 1746 AEbelstan
1024 1682 1170 1744 dux
1216 1681 1434 1745 testis.
1537 1682 1614 1761 ›1‹
1664 1680 1816 1761 Ego
1872 1678 2222 1761 AEsselsige
2274 1679 2420 1742 dux

303 1784 537 1847 testis,
654 1785 732 1865 ›1‹
756 1784 908 1864 Ego
936 1781 1299 1845 Eadmund
1336 1781 1480 1843 dux
1513 1779 1734 1843 testis,
1851 1782 1928 1861 ›1‹
1954 1780 2105 1860 Ego
2126 1778 2423 1860 AElfsige

303 1883 628 1947 minister
658 1884 877 1947 testis,
2223 1880 2244 1887 ’

415 1982 756 2066 Quisquis
817 1983 1033 2064 igitur
1097 1981 1227 2044 hoc
1303 1981 1555 2044 donum
1620 1996 2032 2041 conseruare
2099 1977 2420 2055 uoluerit,

305 2084 661 2146 custodiat
711 2082 881 2147 deus
932 2081 1128 2145 illum
1166 2081 1278 2143 hic
1330 2087 1401 2144 et
1443 2080 1515 2143 in
1557 2078 1809 2142 futuro.
1916 2076 1989 2140 Si
2042 2078 2196 2158 quis
2232 2096 2420 2154 uere,

307 2183 499 2264 quod
552 2183 757 2259 absit,
806 2182 1068 2245 uiolare
1119 2181 1587 2261 temptauerit,
1651 2178 1796 2242 dies
1850 2177 1998 2240 eius
2046 2197 2182 2240 non
2220 2177 2419 2240 dimi-

305 2279 633 2360 diauerit,
660 2289 730 2346 et
758 2300 1051 2365 poenam
1087 2280 1342 2344 sentiat
1375 2280 1900 2360 sempiternam..
1993 2275 2238 2340 Amen.

1103 2572 1655 2638 ccchxm.

1045 2693 1484 2801 EKDWIG,
1528 2723 1681 2787 957.

424 2877 501 2956 ›1‹
548 2873 959 2936 REGNANTE
1008 2874 1080 2935 in
1126 2881 1534 2956 perpetuum
1590 2872 1866 2936 domino
1911 2879 2149 2936 nostro
2206 2872 2417 2937 Ihesu

310 2973 637 3037 Christo!
745 2971 1082 3037 Omnibus
1164 2993 1462 3056 namque
1543 2971 1970 3055 sapientibus
2032 2980 2272 3036 notum
2335 2993 2416 3036 ac

310 3072 753 3136 manifestum
808 3080 1106 3150 constat,
1142 3073 1327 3155 quod
1364 3072 1554 3135 dicta
1594 3072 1832 3134 futura
1879 3071 1993 3134 uel
2044 3071 2253 3149 facta,
2289 3093 2417 3154 pro

310 3172 679 3255 multiplici
742 3191 1271 3255 aerumpnarum
1341 3172 1859 3255 perturbatione
1903 3167 1982 3236 =et
2044 3173 2413 3254 cogitatio-

311 3292 479 3335 num
512 3273 909 3353 uagatione,
962 3270 1357 3356 frequenter
1389 3292 1479 3335 ex
1512 3272 1844 3335 memoria
1875 3271 2227 3349 recedunt,
2283 3273 2416 3336 nisi

312 3373 702 3436 litterarum
764 3372 1075 3454 apicibus
1129 3380 1198 3436 et
1237 3372 1593 3436 custodiae
1637 3372 1909 3435 cautela
1955 3379 2416 3449 reseruentur,

311 3480 384 3536 et
412 3471 501 3535 ad
535 3473 933 3536 memoriam
962 3478 1395 3536 reuocentur.
1503 3471 1767 3535 Iccirco
1794 3490 1925 3552 ego
1960 3470 2249 3551 Eadwig
2290 3491 2417 3534 rex

312 3571 728 3653 Anglorum,
753 3579 1315 3654 caeterarumque
1348 3572 1657 3653 gentium
1703 3571 1775 3632 in
1822 3570 2112 3634 circuitu
2162 3571 2417 3652 persis-

312 3671 605 3736 tentium
651 3672 1070 3752 gubernator
1130 3679 1200 3735 et
1250 3677 1497 3747 rector,
1544 3670 1921 3734 coenobitis
1979 3670 2418 3735 consistenti-

312 3772 441 3834 bus
474 3778 685 3853 atque
717 3770 845 3834 deo
891 3771 1346 3835 seruientibus
1390 3771 1462 3833 in
1508 3770 1927 3834 monasterio
1972 3771 2195 3833 sancti
2223 3769 2420 3834 Petri

313 3871 787 3953 apostolorum
833 3872 1184 3952 principis,
1232 3870 1417 3954 quod
1446 3871 1517 3933 in
1552 3869 1898 3933 Bathonia
1945 3870 2118 3932 mira
2157 3867 2419 3933 fabrica

314 3978 786 4034 constructum
835 3971 1298 4051 cognoscitur,
1342 3987 1417 4033 x.
1451 3988 1728 4033 mansas
1773 3989 1899 4051 pro
1944 3968 2169 4032 salute
2208 3975 2417 4051 atque

313 4070 613 4132 remedio
644 4070 914 4132 animae
950 4088 1166 4146 meae,
1197 4069 1691 4152 perpetualiter
1724 4068 2051 4144 concedO,
2072 4087 2225 4130 cum
2253 4085 2416 4129 con-

312 4189 521 4233 sensu
550 4189 859 4232 meorum
893 4168 1319 4232 heroicorum
1359 4174 1428 4231 et
1475 4168 1808 4250 petitione
1858 4168 1992 4231 mei
2043 4165 2418 4229 uenerandi

2064 4290 2091 4323 z
2116 4281 2146 4328 2
