3044 5019
848 450 1192 498 CHARTAE
1241 447 1921 495 ANGLOSAxochE.
2304 433 2434 497 239

1094 753 1130 769 Λ
1159 608 1599 723 cccxcn.

1014 782 1549 862 EADMUND,
1592 786 1746 848 942.

439 909 517 988 ›1‹
548 907 961 971 REGNAN‘PE
1024 908 1531 991 imperpetuum
1583 910 1860 973 domino
1924 917 2162 973 nostro
2219 909 2431 973 Ihesu

331 1009 609 1073 Christo
637 1012 651 1072 Ξ
758 1001 1012 1071 Sacrae
1046 1016 1279 1072 autem
1314 1010 1698 1092 scripturae
1735 1010 1962 1073 edicta
1991 1010 2154 1072 fona
2194 1011 2434 1073 catho-

329 1109 619 1173 licorum
656 1115 933 1191 patrum
963 1128 1092 1171 nos
1136 1103 1480 1172 admonet¹
1521 1117 1600 1173 ut
1632 1129 1787 1172 cum
1839 1110 1972 1172 hiis
2013 1109 2329 1191 fugitiuis
2365 1117 2434 1173 et

329 1210 479 1272 sine
512 1209 724 1271 dubio
754 1209 1168 1273 transitoriis
1207 1210 1781 1291 possessiunculis
1817 1210 2070 1291 iugiter
2109 1229 2437 1272 mansura

331 1328 573 1390 regna,
615 1307 744 1372 deo
793 1309 1133 1390 largiente
1177 1308 1547 1391 fragilique
1596 1317 1886 1373 naturae
1938 1309 2434 1373 consolationis

329 1409 805 1473 subleuamine
856 1408 1301 1492 adipiscenda
1343 1417 1530 1487 sunt,
1574 1411 1740 1492 quia
1787 1411 1985 1473 nobis
2030 1409 2437 1473 mortalibus

333 1509 745 1591 temporalia
787 1528 962 1590 gaza
1023 1529 1150 1572 nec
1199 1528 1339 1572 non
1390 1517 1460 1573 et
1518 1510 1715 1572 lucra
1765 1511 2278 1591 possessionum
2328 1511 2435 1572 in-

332 1610 561 1672 aniter
603 1609 987 1672 fruentibus
1043 1609 1401 1672 facescunt
1435 1628 1516 1673 ac
1550 1609 1884 1673 defluunt.
1992 1608 2439 1692 Quapropter

333 1729 466 1791 ego
501 1708 951 1772 Eadmundus
978 1708 1317 1772 desiderio
1350 1710 1549 1791 regni
1583 1710 1901 1773 coelestis
1936 1710 2301 1786 exardenS‚
2336 1709 2438 1772 fa-

334 1816 544 1873 uente
589 1828 889 1891 superno
945 1809 1222 1872 numine
1263 1810 1585 1892 basyleos
1633 1810 2012 1872 industrius
2050 1806 2439 1891 Anglorum

336 1929 464 1972 rex
496 1917 1063 1991 caeterarumque
1098 1910 1407 1990 gentium
1452 1910 1526 1972 in
1566 1910 1857 1973 circuitu
1902 1909 2440 1991 persistentium,

334 2008 610 2072 cuidam
655 2009 1019 2097 religiosae
1065 2016 1348 2073 sanctae
1392 2009 1938 2073 conuersationis
1983 2010 2292 2086 moniali,
2340 2010 2439 2073 fe-

338 2110 567 2173 minae
615 2110 963 2173 uocitatae
1001 2110 1277 2172 nomine
1311 2109 1719 2174 Wenfledae
1753 2127 1881 2172 vn.
1919 2129 2223 2187 mansas,
2260 2130 2439 2192 quae

336 2208 619 2274 fuerunt
648 2229 691 2272 a
721 2210 891 2272 meis
928 2209 1479 2272 antecessoribus
1517 2211 1710 2292 prius
1743 2209 1973 2286 datae,
2012 2210 2297 2273 firmiter
2336 2231 2442 2274 re-

339 2309 732 2392 cuperando
799 2310 1143 2373 roboraui.
1252 2308 1551 2392 Insuper
1619 2317 1690 2373 et
1739 2309 2189 2373 haereditatis
2250 2329 2446 2373 meae

342 2425 498 2473 v111.
556 2427 837 2472 mansas
889 2408 976 2472 ad
1037 2416 1484 2490 augmentum
1544 2409 1984 2491 perhenniter
2048 2407 2443 2492 praedictae

342 2509 627 2574 moniali
653 2508 985 2587 concessi,
1017 2509 1268 2573 ibidem
1298 2511 1418 2573 ubi
1451 2511 1779 2591 uulgares
1814 2511 2040 2594 prisco
2084 2528 2274 2574 more
2298 2530 2446 2574 mo-

340 2611 599 2691 bilique
641 2610 976 2673 relatione
1009 2611 1324 2674 uocitant
1370 2618 1444 2673 at
1480 2610 1970 2687 Cheselburne,
2007 2631 2163 2674 cum
2197 2612 2442 2693 pratis,

338 2711 778 2792 pascuisque,
809 2729 1076 2774 necnon
1111 2717 1182 2773 et
1215 2710 1411 2773 siluis
1446 2711 1915 2792 siluarumque
1943 2710 2439 2790 densitatibus3

340 2817 420 2874 ut
453 2811 626 2874 haec
658 2829 983 2892 prospere
1014 2810 1369 2891 possideat
1401 2830 1483 2873 ac
1514 2810 1957 2875 aeternaliter
1989 2817 2246 2886 teneat,
2278 2810 2440 2873 dum

341 2910 548 2974 huius
613 2909 911 2973 labentis
966 2911 1122 2973 aeui
1178 2929 1454 2973 cursum
1518 2915 1830 2974 transeat
1879 2909 2182 2972 inlaesus
2233 2917 2442 2992 atque

341 3011 581 3074 uitalis
618 3010 902 3092 spiritus
946 3010 1017 3072 in
1051 3010 1480 3091 corruptibili
1532 3030 1736 3073 carne
1788 3008 2163 3072 inhaereat.
2271 3008 2446 3073 Post

342 3129 415 3174 se
452 3117 710 3185 autem,
745 3110 961 3173 ueluti
996 3108 1509 3188 affirmauimus,
1538 3111 1920 3191 cuicunque
1945 3109 2247 3173 uoluerit
2280 3109 2444 3173 hae-

342 3210 490 3274 redi
519 3208 972 3292 derelinquat.
1079 3209 1239 3272 Fiat
1273 3212 1527 3273 etenim
1552 3209 1868 3293 praefata
1901 3216 2088 3273 terra
2136 3211 2223 3273 ab
2263 3211 2447 3273 omni

344 3310 584 3375 seruili
617 3309 782 3390 iugo
818 3310 1037 3372 libera
1081 3329 1240 3395 cum
1282 3310 1598 3373 omnibus
1638 3311 1770 3373 sibi
1813 3317 1998 3374 recte
2043 3311 2447 3391 pertinenti-

343 3411 501 3487 buS,
553 3409 865 3491 exceptis
914 3409 1048 3472 hiis
1094 3409 1338 3486 tribus,
1387 3409 1849 3492 expeditione,
1904 3410 2137 3493 pontis
2183 3411 2449 3473 arcisue

346 3509 935 3574 coaedificatione.
1060 3508 1381 3592 Denique
1449 3529 1617 3573 uero
1685 3510 1744 3573 si
1796 3510 1975 3591 quiS,
2042 3510 2241 3572 nobis
2308 3529 2447 3573 non

348 3609 777 3693 optantibuS,
835 3616 1149 3672 nostrum
1206 3608 1335 3672 hoc
1384 3608 1640 3672 donum
1683 3609 1933 3672 uiolari
1981 3608 2452 3673 fraudulenter

348 3708 812 3792 perpetrando
858 3709 1304 3784 consenserit,
1351 3710 1738 3773 consideret
1781 3708 1892 3772 hic
1938 3728 2010 3772 se
2054 3710 2164 3773 die
2205 3709 2452 3773 ultima

348 3809 584 3873 iudicii
647 3828 878 3872 coram
931 3810 1059 3872 deo
1118 3809 1569 3886 redditurum,
1623 3817 1834 3892 atque
1887 3829 2043 3871 cum
2107 3811 2451 3891 reprobris

347 3911 600 3993 quibus
670 3908 947 3985 dicitur,
1013 3908 1368 3973 Discedite
1436 3930 1480 3973 a
1542 3930 1651 3973 me
1710 3908 2059 3972 maledicti
2105 3910 2176 3971 in
2221 3910 2452 3991 ignem

348 4016 733 4086 aeternum,
773 4009 1013 4091 poenis
1051 4010 1396 4073 atrocibus
1447 4030 1520 4073 se
1575 4029 1726 4073 esse
1773 4028 2165 4091 passurum,
2206 4010 2266 4072 si
2316 4028 2452 4072 non

345 4118 557 4174 antea
594 4129 929 4193 corporea
972 4109 1465 4174 lamentatione
1514 4109 2004 4173 emendauerit.
2113 4108 2281 4172 Istis
2316 4114 2452 4170 ter-

1251 4220 1279 4267 ‘1
1305 4236 1389 4285 sic
1416 4236 1531 4286 MS.
