3044 5019
647 392 735 459 52
1168 412 1514 461 cHARTAs
1561 410 2244 460 ANcnosAxochss.

1494 642 1920 708 CCLXXI.

971 809 1014 851 *
1067 804 1772 884 AETHELUULF,
1808 805 2014 888 April
2045 803 2251 882 22nd,
2287 802 2438 868 854.

767 974 845 1052 ›1‹
908 971 1321 1035 REGNANTE
1365 973 1872 1054 imperpetuum
1918 969 2196 1034 domino
2255 975 2493 1032 nostro
2549 966 2762 1031 Ihesu

660 1070 963 1148 Christo,
999 1091 1267 1135 summo
1319 1078 1390 1134 et
1442 1071 1772 1135 ineffabili
1818 1089 2045 1133 rerum
2091 1070 2386 1133 creatori
2429 1068 2758 1144 omnium,

657 1178 973 1253 tempora
1039 1171 1158 1253 qui
1226 1190 1355 1234 sua
1422 1170 1831 1234 multimoda
1896 1170 2267 1252 disponens
2332 1168 2759 1249 temporibus

657 1272 994 1352 potentia,
1022 1278 1102 1333 ut
1132 1270 1431 1333 uoluerit
1464 1271 1670 1334 finem
1702 1271 2033 1352 imponet,
2078 1277 2149 1333 et
2180 1270 2252 1331 in
2287 1268 2415 1331 hac
2460 1267 2613 1333 uita
2643 1268 2760 1330 de-

658 1371 980 1450 gentibus
1025 1370 1292 1433 cunctis
1341 1377 1606 1435 certum
1661 1378 1740 1433 ut
1792 1376 2252 1452 proposuerat
2287 1367 2559 1430 'dierum
2619 1374 2759 1430 ter-

655 1470 917 1532 minum
968 1469 1381 1533 constituet!
1488 1469 1762 1533 Idcirco
1818 1469 2086 1533 cunctis
2121 1466 2489 1550 agendum,
2522 1474 2604 1530 ut
2649 1467 2759 1530 hic

656 1569 856 1632 bonis
892 1569 1162 1631 actibus
1194 1569 1468 1632 futurae
1503 1568 1953 1633 beatitudinis
1981 1569 2381 1632 felicitatem
2432 1574 2758 1649 perpetu-.-

658 1667 862 1730 aliter
880 1668 1169 1750 adipisci
1202 1676 1618 1733 mereantur.
1700 1668 1862 1747 Qua
1894 1675 2180 1751 propter
2204 1687 2336 1748 ego
2354 1665 2771 1732 Aetheluulf

660 1768 889 1848 gratia
934 1768 1044 1831 dei
1088 1768 1638 1858 occidentalium
1664 1768 2022 1832 Saxonum
2066 1787 2217 1844 rex,
2262 1768 2335 1829 in
2385 1774 2630 1830 sancta
2679 1786 2760 1829 ac

658 1867 1066 1931 celeberima
1110 1868 1422 1950 paschali
1473 1868 1985 1949 solempnitate,
2032 1888 2159 1951 pro
2211 1886 2405 1931 meae
2456 1866 2760 1933 remedio

659 1967 953 2042 animae,
974 1976 1044 2031 et
1074 1969 1269 2049 regni
1301 1969 1786 2051 prosperitate,
1808 1976 1878 2031 et
1908 1967 2148 2051 populi
2183 1967 2270 2029 ab
2290 1966 2763 2048 omnipotente

658 2064 789 2128 deo
850 2066 1016 2129 mihi
1068 2067 1305 2130 collati
1356 2068 1606 2144 salute,
1662 2068 2023 2131 consilium
2085 2066 2362 2130 salubre
2404 2085 2560 2128 cum
2615 2067 2761 2148 epi-.

658 2166 889 2247 scopis
953 2167 1318 2230 comitibus
1386 2169 1791 2250 cunctisque
1859 2166 2308 2250 optimatibus
2375 2165 2545 2227 meis
2630 2186 2761 2247 ego

661 2264 1010 2329 humiliter
1068 2286 1194 2348 pro
1241 2286 1474 2330 amore
1506 2267 1618 2330 dei
1668 2266 1949 2349 perfeci,
1996 2273 2074 2329 ut
2125 2265 2459 2329 decimam
2490 2272 2761 2347 partem

660 2371 997 2428 terrarum
1064 2386 1189 2447 per
1252 2387 1541 2454 regnum
1608 2373 1920 2430 nostrum
1993 2386 2133 2429 non
2208 2365 2433 2429 solum
2483 2367 2761 2449 ¹sanctis

660 2465 1024 2529 aecclesiis
1066 2464 1254 2542 dare,
1305 2486 1547 2529 uerum
1593 2466 1802 2530 etiam
1847 2473 1917 2530 et
1976 2465 2308 2529 ministris
2367 2465 2624 2529 nostris
2692 2466 2760 2529 in

661 2564 901 2627 eodem
982 2566 1378 2629 constitutis
1462 2567 1965 2648 imperpetuam
2005 2624 2009 2630 ,
2044 2565 2433 2629 libertatem
2510 2565 2760 2629 habere

661 2664 1148 2727 concessimus,
1255 2665 1372 2729 Ita
1405 2673 1484 2728 ut
1529 2666 1690 2729 talis
1726 2667 2008 2729 donatio
2043 2665 2186 2728 fixa
2232 2666 2759 2728 incommutabi-

660 2763 884 2845 lisque
928 2773 1352 2846 permaneat,
1382 2766 1469 2829 ab
1524 2767 1709 2829 omni
1758 2766 1977 2847 regali
2011 2765 2296 2829 seruitio
2344 2773 2414 2828 et
2458 2766 2761 2829 omnium

660 2863 1119 2926 saecularium
1180 2865 1502 2929 absoluta
1563 2866 1920 2929 seruitute.
2025 2863 2306 2928 Placuit
2367 2873 2598 2929 autem
2635 2862 2762 2929 Al-

661 2970 865 3027 stano
894 2963 1452 3028 Sciraburnensis
1485 2965 1863 3028 aecclesiae
1897 2964 2247 3047 episcope,
2280 2971 2350 3028 et
2372 2964 2762 3028 Suuithuno

661 3063 988 3145 episcopo
1006 3063 1691 3145 Wyntancestrensis
1709 3064 2083 3128 aecclesiae
2110 3084 2265 3127 cum
2298 3065 2616 3128 omnibus
2635 3065 2763 3129 deo

661 3162 1145 3238 seruientibuS,
1174 3171 1253 3226 ut
1300 3164 1372 3225 in
1418 3183 1836 3246 unaquaque
1887 3163 2265 3228 ebdomade
2315 3164 2425 3227 die
2477 3164 2766 3228 Sabbati

661 3261 1006 3323 unanimis
1067 3264 1514 3344 congregatio
1574 3264 1986 3327 famulorum
2049 3262 2600 3346 famularumque
2654 3265 2764 3328 dei

663 3360 1171 3443 quinquaginta
1197 3362 1501 3444 psalmos
1531 3371 1788 3440 cantet,
1817 3371 1887 3427 et
1904 3363 2379 3445 unusquisque
2403 3364 2766 3447 presbyter
2844 3390 2854 3403 ·

664 3460 838 3523 duas
870 3461 1143 3537 missaS,
1174 3481 1384 3525 unam
1414 3483 1543 3546 pro
1575 3461 2026 3527 Aetheluulfo
2061 3482 2224 3544 rege
2266 3470 2337 3526 et
2380 3463 2589 3527 aliam
2633 3485 2760 3546 pro

662 3560 1004 3643 episcopis
1058 3568 1128 3624 et
1172 3561 1461 3625 ducibus
1529 3564 1698 3627 eius.
1806 3561 1948 3625 Pro
2003 3582 2166 3642 rege
2210 3562 2514 3638 uiuente,
2565 3564 2760 3627 Deus

662 3660 782 3742 qui
847 3660 1182 3724 iustificas
1260 3662 1570 3743 impium.
1705 3662 1844 3726 Pro
1911 3662 2253 3745 episcopis
2337 3669 2407 3726 et
2472 3662 2759 3726 ducibus

660 3760 1082 3836 uiuentibuS,
1130 3758 1474 3824 Pretende
1509 3761 1829 3825 Domine.
1934 3759 2319 3844 Postquam
2364 3769 2596 3825 autem
2643 3763 2759 3826 de-

660 3859 879 3922 functi
924 3859 1204 3936 fuerint,
1238 3880 1364 3943 pro
1396 3881 1561 3942 rege
1608 3862 1935 3925 defuncto
1973 3861 2408 3943 specialiter3
2456 3882 2584 3944 pro
2613 3863 2770 3944 epi-'

598 4034 602 4040 ,
662 3959 892 4041 scopis
927 3966 997 4022 et
1022 3960 1449 4043 principibus
1495 3961 1837 4025 defunctis
1873 3962 2349 4038 communiter,
2380 3960 2559 4024 hanc
2594 3979 2757 4025 con-

659 4059 1115 4123 sentientibus
1161 4060 1604 4124 donationem
1638 4070 1718 4125 ut
1763 4070 1908 4124 tam
1965 4062 2294 4124 roborata
2335 4070 2757 4143 perseueret,

656 4160 985 4241 quamdiu
1022 4160 1191 4224 fides
1226 4168 1296 4225 et
1324 4159 1722 4225 Christiana
1752 4161 1995 4242 religio
2027 4161 2100 4224 in
2130 4159 2520 4243 Anglorum
2555 4169 2757 4243 gente
