3044 5019
820 465 1161 512 cHARrAss
1206 466 1891 515 ANcLosAxochss.
2317 454 2406 515 99

277 618 505 682 crucis
559 619 920 685 confirmo.
1010 622 1089 705 »14
1112 621 1267 703 Ego
1297 621 1723 688 Aebelheard
1768 628 2205 710 praepositus
2237 647 2402 691 con·-

275 719 487 782 sensi.
609 720 694 800 »14
728 721 881 802 Ego
913 721 1660 806 Beornseffl'presbiter
1685 729 2023 791 consensi.
2139 729 2217 809 »14
2246 727 2401 810 Ego

279 816 570 882 Eatfeffl
623 822 961 901 presbiter
1011 824 1349 886 consensi.
1468 826 1547 906 »14
1593 825 1744 906 Ego
1785 826 2156 891 Wulfhere
2207 847 2398 909 pres-

276 916 457 981 biter
510 923 859 983 consensi.
977 923 1055 1003 »14
1102 921 1255 1003 Ego
1312 921 1618 987 Alhhere
1662 928 1997 1006 presbiter
2059 929 2397 991 consensi.

285 1020 365 1096 »14
397 1018 559 1100 Ego
600 1019 960 1084 Eadwald.
1029 1022 1107 1102 »14
1131 1022 1283 1102 Ego
1314 1023 1739 1088 Berhthelm.
1799 1028 1877 1108 »14
1905 1027 2055 1108 Ego
2092 1027 2393 1091 Hebred.

286 1117 364 1197 »14
407 1118 572 1201 Ego
631 1119 883 1184 Eared.
998 1121 1076 1201 »14
1120 1119 1274 1203 Ego
1323 1124 1756 1205 Burgheard.
1872 1128 1950 1208 »14
1992 1126 2144 1208 Ego
2195 1126 2396 1209 Wig-

275 1216 517 1282 heard.
672 1220 750 1300 »14
793 1219 946 1301 Ego
976 1221 1373 1288 Beornserb.
1489 1225 1568 1305 »14
1607 1224 1761 1305 Ego
1790 1225 2182 1307 Wigberht.
2309 1227 2387 1307 »14

280 1315 431 1399 Ego
470 1316 817 1383 Aebered.
934 1321 1012 1401 »14
1058 1319 1211 1401 Ego
1243 1322 1639 1407 Wynhelm.

1201 1615 1518 1681 CCCIV.

307 1752 960 1842 AETHELRED,
1009 1764 1292 1829 DUKE
1341 1764 1467 1828 OF
1517 1763 1934 1843 MERCIA,
1979 1766 2361 1831 872—874.

385 1914 467 1994 »14
513 1913 615 1977 ΙΝ
645 1913 920 1977 nomine
950 1915 1207 1978 domini
1246 1913 1466 1978 nostri
1501 1912 1715 1977 Ihesu
1758 1913 2017 1978 Christi
2050 1916 2064 1979 Ξ
2158 1913 2394 1979 AEssel-

278 2012 420 2089 red,
488 2013 629 2077 deo
690 2013 1091 2091 adiuuante,
1153 2014 1575 2078 Merciorum
1645 2013 1814 2091 dux,
1888 2013 2067 2078 hanc
2132 2024 2394 2080 cartam

280 2110 610 2190 Cursulfo,
652 2113 964 2178 ministro
1012 2115 1222 2196 regiS,
1266 2134 1390 2196 pro
1437 2113 1562 2177 illa
1606 2120 1795 2177 terra
1841 2114 2141 2178 Marnan
2193 2117 2394 2194 cliue,

279 2211 346 2274 id
411 2221 554 2291 est,
611 2230 688 2277 X.
742 2215 1165 2278 manentium
1221 2213 1366 2277 fieri
1430 2214 1797 2291 concessit,
1859 2233 2066 2295 quam
2142 2221 2395 2280 terram

280 2310 532 2391 Cered,
579 2313 1006 2396 propinquus
1065 2314 1251 2378 illius
1310 2312 1603 2390 Cussulfi,
1653 2333 1804 2377 cum
1872 2314 2059 2378 mille
2116 2315 2301 2395 siclis
2351 2335 2396 2379 a

281 2412 683 2490 Burhredo,
732 2416 895 2495 reg‘e
950 2413 1394 2491 Merciorum,
1438 2412 1834 2495 adquisiuit,
1872 2432 1977 2490 ac,
2023 2421 2183 2495 post
2212 2434 2393 2478 mor-

283 2519 420 2577 tem
505 2534 734 2591 suam,
814 2534 980 2579 suae
1050 2516 1255 2580 uxori
1315 2512 1713 2598 Uuerbrysse
1787 2515 1874 2577 ad
1934 2515 2392 2596 optinendam

279 2612 596 2679 donauit.
702 2612 902 2677 Tunc
967 2615 1081 2678 ille
1130 2613 1389 2679 Cubulf
1430 2633 1478 2677 a
1528 2613 1842 2696 praefata
1895 2615 2202 2692 muliere,
2246 2615 2393 2680 Ro-

281 2732 466 2778 mam
491 2713 808 2796 cupienti
838 2733 1147 2796 pergere,
1170 2716 1242 2777 in
1272 2714 1670 2797 praesentia
1689 2712 2033 2778 Uuerfribi
2063 2715 2394 2797 episcopi,

278 2816 731 2896 omniumque
789 2815 1198 2897 optimatum
1251 2814 1648 2896 prouinciae
1704 2813 2178 2890 Huicciorum‚
2236 2834 2395 2882 cum

280 2914 629 2997 probabili
655 2913 948 2995 pecunia
977 2915 1425 2996 comparauit.
1516 2913 1652 2977 Sed
1680 2913 1798 2976 ille
1817 2911 2162 2988 AEbelred,
2193 2933 2394 2995 prae-

278 3013 431 3079 fata
469 3011 867 3096 Uuerfiry’zse
914 3015 1042 3077 sub
1079 3014 1465 3077 iuramento
1503 3011 1914 3089 affirmante,
1959 3012 2396 3093 supradictae

282 3121 514 3178 terrae
543 3114 849 3178 libellum
877 3133 921 3177 a
952 3114 1244 3197 paganis
1272 3120 1621 3195 arreptum
1657 3131 1831 3190 esse,
1859 3132 2015 3176 cum
2054 3130 2395 3178 consensu

281 3215 595 3278 omnium
644 3214 1061 3278 Merciorum
1105 3220 1526 3290 senatorum,
1573 3213 1784 3276 alium
1833 3212 2128 3276 scribere
2168 3212 2392 3292 iussit,

285 3323 364 3379 ut
409 3314 531 3377 ille
578 3312 837 3378 Cussulf
865 3313 987 3378 illa
1031 3320 1240 3391 terra,
1292 3321 1371 3377 ut
1414 3313 1547 3376 sibi
1585 3313 1912 3395 placeret,
1953 3312 2396 3396 perhenniter

279 3413 777 3496 perfrueretur,
828 3421 899 3477 et
947 3414 1059 3479 cui
1117 3413 1373 3477 donare
1423 3414 1659 3490 uellet,
1703 3413 1852 3477 sine
1907 3412 2393 3494 impedimento

281 3514 498 3578 ullius
553 3532 915 3596 personae,
966 3513 1315 3577 licentiam
1370 3512 1677 3577 haberet.
1784 3512 1947 3595 Ipse
1993 3531 2158 3576 uero
2196 3522 2392 3594 post-

280 3614 567 3677 modum
611 3614 847 3677 diui-no
889 3620 1309 3695 prouocatus
1340 3613 1693 3689 instinctu,
1723 3612 1901 3676 hanc
1933 3613 2219 3676 eandem
2252 3620 2389 3677 ter-

282 3734 438 3779 ram
497 3714 870 3777 aecclesiae
923 3713 1436 3795 Uuigrecestre,
1481 3733 1608 3795 pro
1671 3713 1896 3777 salute
1964 3719 2036 3776 et
2091 3715 2392 3780 remedio

281 3815 559 3877 animae
592 3833 784 3890 suae,
818 3812 1127 3877 donauit.
1217 3812 1389 3877 This
1419 3812 1597 3895 synd
1626 3814 1709 3896 pa
1738 3813 2228 3894 landgemaeru
2261 3822 2389 3880 etc.

284 3913 519 3977 Et-hic
549 3913 734 3977 infra
767 3913 1047 3976 nomina
1075 3914 1356 3977 testium
1384 3913 1777 3994 conscripta
1806 3913 2218 3994 liquescunt.

401 4015 476 4094 »14
517 4014 671 4097 Ego
727 4012 1067 4090 Burhred,
1115 4032 1238 4075 rex
1289 4012 1727 4089 Merciorum,
1779 4011 1959 4077 hanc
2005 4014 2392 4077 libertatem

288 4115 786 4198 praescriptam
814 4132 968 4176 mea
994 4133 1205 4177 manu
1233 4114 1549 4176 consensi
1575 4120 1647 4176 et
1668 4112 2059 4193 subscripsi.
2134 4113 2209 4192 »14
2242 4112 2394 4189 Ego

296 4213 712 4299 AE5elsuuy5
774 4212 1019 4294 regina
1071 4212 1407 4277 consensi.
1527 4214 1605 4294 »14
1646 4213 1800 4291 Ego
1852 4208 2190 4274 Werefrib
2249 4210 2394 4290 epi-

2053 4331 2084 4364 a
2120 4321 2151 4363 2

1022 4537 1550 4667 ff5xaex¹v¹0k¹5n³4

1109 4658 1456 4713 oxFORD

1097 4749 1480 4830 museum
