3044 5019
943 461 1285 509 cHAR‘rAr.
1331 460 2018 514 AnonosAxochE.
2388 450 2515 514 151

518 619 596 699 ›1‹
628 618 880 701 AEpred
912 617 1269 681 aldorman
1298 617 1435 681 and
1459 617 1823 682 aethelflaed
1856 637 2134 684 mercna
2165 618 2516 686 hlafardas

408 718 545 781 mid
577 737 660 781 us
696 718 801 781 hit
830 718 1210 799 gewriotan
1249 765 1648 783 ........
1764 721 1842 801 ›1‹
1877 719 2030 801 Ego
2062 719 2360 784 uuerfrib
2396 719 2515 808 eps

407 819 689 901 propria
733 837 941 881 manu
986 818 1214 883 osensi
1255 825 1325 882 et
1365 818 1762 900 subscripsi.
1878 819 1956 899 ›1‹
2001 820 2155 901 Ego
2198 821 2514 903 cynhelm

410 919 564 981 diac
615 925 685 980 et
734 918 948 980 abbas
1009 918 1383 1000 subscripsi
1415 965 1766 981 .......
1881 921 1959 1001 ›1‹
2003 918 2231 1003 ecsryb
2282 917 2364 1007 pr
2410 922 2510 987 03.

416 1020 494 1100 ›1‹
524 1016 773 1098 wiglas
789 1014 872 1103 pr
900 1018 994 1102 οξ.
1107 1019 1185 1099 ›1‹
1215 1017 1405 1082 oslac
1436 1015 1517 1104 p'r
1545 1018 1641 1083 03.
1758 1019 1836 1099 ›1‹
1876 1018 2094 1101 cyna&
2129 1021 2283 1083 dia&
2313 1066 2329 1083 .
2358 1022 2510 1085 sub.

415 1119 493 1199 ›1‹
535 1117 910 1181 bernhelm.
1011 1117 1089 1197 ›1‹
1135 1116 1470 1181 earduuls.
1573 1119 1651 1199 ›1‹
1698 1117 2013 1182 Uulfred.
2126 1121 2204 1201 ›1‹
2246 1119 2510 1186 Uullaf.

412 1219 490 1299 ›1‹
561 1216 899 1281 ciolhelm.
1070 1219 1148 1299 ›1‹
1210 1216 1561 1280 alhmund.
1725 1218 1803 1298 ›1‹
1864 1218 2122 1300 eadgar
2205 1219 2508 1303 bisceop.

412 1319 490 1399 ›1‹
562 1317 819 1380 aldred.
988 1319 1066 1399 ›1‹
1144 1315 1435 1401 aepelsrib
1522 1316 1942 1382 ealdormon.
1981 1388 1987 1394 ,
2095 1320 2173 1400 ›1‹
2250 1317 2509 1385 aelsred.

413 1418 491 1498 ›1‹
537 1416 808 1480 aesstan.
933 1418 1011 1498 ›1‹
1056 1417 1308 1480 eadric.
1422 1420 1497 1499 ›1‹
1532 1414 1877 1481 Uulfhun.
2010 1421 2088 1501 ›1‹
2136 1416 2508 1483 AEoeredes

406 1516 743 1597 geraednis
787 1538 831 1606 7
878 1513 1276 1579 AEbelflaede
1321 1514 1451 1579 wib
1512 1514 1804 1579 waerfrib
1849 1518 2020 1582 bisc.
2060 1542 2104 1611 7
2155 1517 2287 1583 wib
2338 1522 2509 1605 pone

403 1615 652 1680 heored
686 1636 777 1679 on
810 1617 1117 1697 wigerna
1145 1623 1384 1680 cestre.

1278 1908 1634 1974 CCCXL.

1063 2058 1647 2137 WIGFERTH,
1691 2060 1843 2123 904.

526 2214 604 2294 ›1‹
663 2211 1074 2275 REGNANTE
1147 2230 1229 2274 ac
1294 2210 1737 2292 dispensante
1821 2211 1949 2276 deo
2028 2215 2501 2296 omnipotente

400 2312 748 2375 mundana
790 2311 1125 2392 regimina
1175 2310 1369 2374 cuius
1415 2310 1736 2375 uidelicet
1777 2312 2277 2378 incarnationis
2322 2335 2505 2382 anno

404 2429 674 2489 mcccc.
704 2412 1076 2475 indictione
1111 2459 1124 2472 .
1149 2428 1272 2473 vn.
1320 2431 1402 2474 eo
1448 2411 1710 2474 scilicet
1755 2430 1936 2476 anno
1988 2412 2256 2494 wigfrib
2298 2435 2503 2497 roga-

398 2513 518 2577 bat
562 2512 996 2576 eadwerdum
1044 2532 1275 2594 regem
1329 2519 1400 2575 et
1444 2512 1847 2595 aepelredum
1891 2514 2131 2578 ducem
2179 2523 2251 2579 et
2304 2519 2501 2601 aePel-

398 2611 616 2676 flaede
664 2619 1103 2693 senatoresq:
1142 2631 1379 2676 eorum
1422 2619 1502 2675 ut
1551 2612 1615 2674 ei
1656 2613 1865 2675 istum
1907 2614 2157 2677 librum
2204 2617 2501 2682 scribere

397 2711 824 2775 iussissent.
871 2711 1056 2776 hoc.
1102 2734 1180 2775 e.
1229 2711 1415 2774 illius
1456 2718 1636 2775 terre
1677 2713 1912 2795 quinq:
1962 2717 2316 2779 manentiu
2363 2735 2499 2821 que

395 2813 791 2877 nominatur
822 2818 1031 2876 eatun
1070 2810 1261 2875 illam
1299 2812 1526 2892 deniq.
1566 2818 1820 2875 terram
1852 2813 2103 2876 alchun
2136 2784 2499 2899 episcopus

394 2931 436 2975 a
470 2912 814 2993 burgredo
859 2932 1023 2993 rege
1074 2908 1451 2996 aepelswiba
1499 2912 1744 2992 regina
1779 2913 2136 2993 coparauit
2179 2915 2499 2978 eandem-

395 3032 528 3093 que
586 3020 841 3076 terram
888 3012 1139 3075 iterum
1192 3002 1484 3075 waersrib
1533 3012 1895 3124 episcopus
1942 2995 2305 3077 ceolwulfo
2352 3016 2500 3097 regi

392 3134 444 3198 ,p
498 3119 693 3176 recta
735 3112 1186 3176 retributione
1229 3112 1549 3175 tradebat
1592 3111 1811 3193 ipseq:
1859 3131 1984 3175 rex
2032 3118 2275 3193 postea
2321 3113 2497 3177 hun-

393 3212 544 3293 gine
574 3213 766 3275 illam
801 3212 1044 3275 tribuit
1067 3259 1082 3275 .
1124 3218 1285 3293 post
1315 3210 1440 3275 hec
1485 3230 1717 3292 namq:
1751 3209 2020 3293 wigfrib
2054 3231 2207 3276 eam
2241 3220 2496 3279 terram

392 3313 478 3376 ab
524 3311 821 3393 hungibe
866 3331 1022 3374 cum
1068 3312 1393 3393 placabili
1437 3312 1730 3392 pecunia
1757 3312 1844 3374 cii
1877 3312 2271 3376 testimonio
2313 3316 2496 3397 opti-

391 3420 655 3476 matum
707 3412 1008 3496 mercion
1061 3412 1509 3493 comparauit.
1616 3409 1709 3474 Et
1757 3417 1923 3474 tunc
1973 3412 2333 3476 eadweard
2372 3435 2499 3478 rex

392 3519 459 3576 et
490 3512 775 3596 aepelred
815 3511 961 3574 dux
992 3519 1062 3575 et
1094 3511 1484 3575 dominator
1530 3511 1831 3593 mercion
1874 3530 2142 3574 necnon
2175 3532 2382 3594 quoq:
2426 3522 2497 3579 et

392 3612 778 3696 aepelflaede
806 3612 892 3674 cii
919 3610 1318 3675 testimonia
1350 3611 1722 3693 episcopm}
1767 3616 1837 3672 et
1863 3610 2182 3694 principii
2221 3612 2491 3695 aliquo-

392 3732 613 3794 rumq:
670 3711 996 3775 senatorii
1034 3710 1166 3775 sibi
1205 3711 1599 3775 subiectorii
1627 3707 1938 3791 wigfribo
1966 3709 2148 3774 hunc
2181 3711 2360 3776 librii
2387 3735 2494 3779 re-

392 3813 688 3876 scribere
720 3808 966 3898 pcepe?
1001 3858 1017 3876 .
1050 3810 1139 3874 ad
1167 3811 1455 3874 eandem
1498 3808 1891 3873 conditione
1943 3810 2031 3872 ad
2068 3811 2204 3893 quii
2246 3809 2495 3898 {idiotis

373 3912 838 3992 *possessoribz
892 3917 1043 3974 erat
1088 3912 1480 3994 conscripta
1536 3910 1606 3972 id
1644 3957 1660 3974 .
1693 3912 1731 3971 ἓ
1765 3957 1780 3972 .
1812 3910 1886 3972 in
1923 3918 2328 3992 perpetuam
2374 3913 2494 3977 he-

387 4011 751 4074 reditatem
779 4010 943 4091 quia
980 4017 1300 4074 uetustus
1330 4010 1501 4073 liber
1536 4009 1723 4072 illius
1752 4015 1931 4072 terre
1962 4011 2261 4092 quociiq:
2290 4012 2494 4077 modo

387 4111 617 4197 pditus
651 4117 803 4173 erat
842 4098 921 4172 et
955 4110 1015 4173 si
1049 4129 1375 4192 umquam
1417 4110 1728 4173 euenerit
1756 4115 1835 4171 ut
1855 4110 2196 4191 ⁴antiquus
2223 4109 2395 4172 liber
2419 4112 2492 4174 in

384 4212 615 4292 palam
661 4207 932 4273 uenerit
974 4210 1067 4274 sit
1112 4207 1457 4296 pscriptus
1504 4217 1575 4273 et
1610 4208 2016 4272 interdictus
2054 4207 2187 4271 nisi
2220 4208 2308 4271 ad
2343 4227 2487 4272 ma-
