3044 5019
637 428 765 492 122
1140 440 1487 488 cuAnTAn
1534 441 2220 489 AnonosAxomoAn.

747 600 827 680 ᾧ
872 598 950 661 lc
1019 597 1313 661 AEbered
1371 596 1647 665 ar.bisc.
1704 597 1849 661 mid
1914 594 2094 662 baere
2160 597 2418 680 halgan
2477 598 2744 663 cristes

640 698 803 762 rode
861 707 1063 762 tacne
1119 697 1242 762 bas
1301 697 1492 762 word
1550 720 1595 788 7
1649 694 1773 761 bas
1828 698 2048 762 wisan
2105 698 2380 763 faestnie
2429 722 2474 790 7
2531 699 2749 765 write.

645 801 728 880 ›1‹
792 798 1062 862 AElsred
1123 799 1292 862 dux.
1429 799 1509 879 *¹⁴
1555 798 1983 863 Beorhtnulf
2042 798 2210 862 dux.
2342 800 2422 880 *¹⁴
2484 800 2753 863 Beorn-

639 898 820 961 belm
850 899 1006 962 abb,
1122 900 1202 980 ᾧ
1235 897 1585 962 Earduuls
1604 899 1760 962 abb,
1875 900 1955 980 *¹⁴
1987 897 2359 981 Werburg.
2471 899 2551 979 *¹⁴
2590 899 2748 981 Sig-

639 998 786 1063 sred
815 999 913 1081 p'f.
1008 1000 1088 1080 ›1‹
1121 997 1496 1062 Beonheah
1522 999 1624 1080 pf.
1710 999 1790 1079 ›1‹
1831 999 2188 1080 Beagstan
2217 999 2319 1081 p'fa
2406 1001 2486 1081 ›1‹
2526 999 2750 1063 Wulf-

641 1097 835 1165 heah.
951 1100 1031 1180 u1⁴
1074 1097 1457 1162 AEbelwulf
1490 1098 1585 1180 pi.
1701 1101 1781 1181 *¹⁴
1822 1099 2170 1162 Eardunlf
2198 1100 2297 1181 pi‘a
2416 1100 2496 1180 *¹⁴
2529 1099 2750 1162 Beor-

636 1196 768 1262 nob
819 1199 992 1263 diac.
1124 1200 1204 1280 ›1‹
1245 1197 1685 1263 Wealdhelm
1739 1199 1918 1263 diac'.
2034 1201 2114 1281 ›1‹
2156 1199 2366 1263 Wine
2429 1199 2509 1261 sb
2560 1200 2740 1263 diac.

651 1301 731 1381 ›1‹
793 1297 1072 1364 Saefress.
1231 1301 1311 1381 ›1‹
1375 1296 1756 1362 Ceolmund
1835 1299 1926 1363 fii.
2086 1301 2166 1381 ›1‹
2228 1298 2595 1363 Eadmund
2654 1300 2745 1363 fii.

650 1400 730 1480 *1⁴
779 1399 1107 1465 Eadwald
1142 1398 1232 1463 fii.
1349 1400 1429 1480 *1⁴
1470 1398 1755 1480 Siguulf
1774 1399 1864 1462 iii.

1442 1692 1937 1758 cccxvln.

1089 1845 1130 1886 ³·
1166 1800 1636 1907 AELFRED
1689 1839 1818 1903 OF
1864 1839 2300 1904 WESSEX.

754 1994 834 2074 ›1‹
878 1992 1290 2056 REGNANTE
1317 1990 1763 2054 aeternaliter
1793 2009 1957 2069 rege
1987 1988 2292 2052 omnium
2319 1990 2746 2055 saeculorum

642 2094 920 2156 domino
979 2101 1050 2157 et
1099 2093 1448 2155 saluatore
1507 2097 1746 2153 nostro
1803 2088 2013 2152 lhesu
2069 2087 2393 2154 Christo!
2501 2090 2749 2156 Orbita

643 2193 940 2256 labentis
995 2192 1253 2256 saeculi
1308 2190 1656 2254 cotidiano
1716 2189 1950 2253 deficit
1991 2208 2265 2253 occasu.
2373 2189 2535 2254 Hoc
2578 2212 2749 2274 quo-

643 2314 778 2375 que
823 2293 1077 2357 indicio
1124 2292 1361 2355 fideles
1408 2290 1666 2371 quique
1704 2289 1961 2371 oppido
2010 2298 2559 2367 commonentur,
2607 2313 2744 2375 qno

645 2396 979 2458 bonorum
1012 2412 1295 2475 operum
1326 2390 1646 2472 exempla
1665 2389 1967 2472 perfecte
1993 2396 2340 2454 sectantes
2370 2391 2444 2452 in
2472 2400 2748 2473 patrum

643 2493 1148 2559 beniuolentiae
1177 2489 1596 2574 proficiendo
1640 2509 1988 2568 successu,
2018 2490 2499 2573 temporalium
2541 2493 2748 2557 uicis-

641 2594 941 2658 situdine
1006 2595 1342 2659 bonorum
1400 2598 1739 2675 perpetua
1794 2598 1866 2655 et
1914 2592 2506 2656 incommutabilia
2550 2595 2746 2675 regni

641 2695 986 2758 coelorum
1015 2702 1411 2758 mereantur
1433 2691 1727 2774 adipisci
1760 2691 2039 2772 gaudia.
2144 2691 2591 2775 Quapropter
2619 2714 2750 2775 ego

641 2794 1009 2859 Aelfredus
1052 2795 1332 2858 fauente
1376 2792 1869 2875 omnipotentis
1899 2791 2011 2855 dei
2039 2792 2403 2856 clementia
2439 2812 2565 2856 rex
2601 2792 2750 2857 An·

641 2896 937 2977 glorum,
980 2904 1549 2975 caeterarumque
1591 2892 2100 2974 prouinciarum
2134 2893 2208 2955 in
2259 2892 2548 2957 circuitu
2592 2915 2750 2976 per·

641 2997 1033 3061 sistentium
1100 3003 1328 3059 rector
1386 3013 1470 3056 ac
1527 2993 1950 3074 gubernator
2007 2993 2344 3073 gentium,
2400 2995 2751 3075 quandam

641 3104 907 3180 partem
938 3095 1208 3159 telluris
1235 3096 1308 3158 in
1336 3113 1476 3175 qua
1525 3093 2019 3157 monasterium
2065 3092 2250 3174 quod
2296 3094 2427 3157 sub
2469 3095 2750 3159 nomine

643 3203 928 3259 sanctae
961 3195 1330 3258 Trinitatis
1362 3201 1433 3257 et
1465 3194 1657 3257 beati
1688 3193 1884 3257 Petri
1918 3193 2389 3274 apostolorum
2421 3195 2753 3278 principis

642 3303 917 3360 constat
945 3295 1204 3358 honore
1237 3294 1629 3358 dedicatum
1672 3313 1824 3357 esse
1857 3302 2065 3374 atque
2095 3292 2458 3357 fundatum
2485 3302 2556 3359 et
2585 3316 2755 3360 con-

645 3403 1010 3473 structum,
1040 3395 1304 3459 scilicet
1336 3394 1566 3458 locum
1592 3395 1712 3475 qui
1738 3393 2003 3457 famoso
2025 3401 2349 3458 onomate
2380 3395 2564 3477 apud
2594 3395 2750 3461 An·

643 3498 797 3579 glos
820 3503 1261 3578 nuncupatur
1290 3493 1665 3574 Ceroteseg
1707 3492 1778 3556 id
1821 3501 1930 3558 est
1976 3493 2234 3558 Cirotis
2277 3494 2507 3558 insula
2532 3503 2604 3559 et
2640 3518 2753 3561 .v.

644 3616 922 3662 mansas
971 3596 1153 3679 apud
1203 3594 1467 3677 Thorp,
1520 3614 1680 3658 cum
1743 3594 2060 3658 omnibus
2115 3595 2538 3677 appendiciis
2584 3597 2756 3661 illuc

642 3700 771 3763 rite
816 3697 1344 3780 pertinentibus,
1383 3695 1647 3759 scilicet
1675 3693 2039 3775 GetingeS,
2085 3694 2756 3761 Hunenualdesham

641 3806 713 3862 et
756 3797 1171 3874 Wudeham,
1226 3796 1315 3859 ad
1365 3795 1944 3859 sustentationem
1994 3795 2180 3859 illius
2232 3797 2635 3860 monasterii
2680 3807 2756 3862 et

640 3901 946 3963 omnium
973 3898 1139 3960 illuc
1157 3896 1576 3960 unanimiter
1595 3896 1725 3959 deo
1754 3895 2226 3972 seruientium,
2252 3895 2496 3959 libenti
2516 3898 2752 3961 animo

642 3999 947 4064 concedo
979 4004 1051 4060 et
1078 3995 1450 4076 confirmo;
1481 4003 1560 4059 ut
1586 3996 1689 4059 illi
1719 3996 1817 4059 ibi
1846 3996 2177 4076 degentes
2220 4015 2347 4077 pro
2390 3997 2562 4058 meis
2608 4017 2750 4060 non

641 4100 982 4163 desistant
1009 4097 1427 4160 interuenire
1462 4097 1970 4178 peccaminibus
2002 4102 2212 4176 atque
2241 4094 2750 4160 «offensionibus

642 4201 812 4263 meis
841 4196 1235 4263 innumeris.
1340 4197 1446 4260 Sit
1491 4203 1719 4260 autem
1766 4195 2163 4278 supradicta
2199 4195 2404 4258 tellus
2436 4203 2515 4259 ut
2546 4205 2748 4261 taxa-
