3044 5019
891 433 1237 480 CHARTAE
1284 432 1967 484 ANGLOSAXONIGAE.
2397 426 2483 490 37

360 589 582 652 tribus
630 589 777 652 suis
823 590 1175 653 monachis
1206 590 1509 654 eiusdem
1550 593 1949 655 monasterii
1993 596 2467 675 praesentibus

361 695 431 750 et
461 688 739 766 suturis,
787 690 1081 753 salutem
1130 690 1203 752 in
1245 690 1519 753 domino
1567 691 2077 773 sempiternam.
2184 694 2467 760 Gratias

357 787 626 851 debitas
674 790 873 853 uobis
918 789 1234 853 omnibus
1279 790 1676 871 dignissime
1720 791 1931 855 reddo
1977 812 2102 874 pro
2146 797 2464 875 pecunia,

357 906 507 968 qua.
525 908 636 951 me
664 909 790 971 per
814 908 941 952 uos
970 889 1228 952 dudum
1269 896 1843 971 praetereuntem,
1873 892 1946 955 in
1975 911 2127 955 mea
2157 896 2464 961 maxima

353 986 764 1068 indigentia,
794 997 1037 1052 contra
1069 1007 1497 1071 paganorum
1530 990 1930 1055 uiolentiam
1967 993 2361 1071 gratissimo
2391 1004 2463 1060 et

352 1084 831 1151 liberalissimo
862 1089 1090 1152 animo
1121 1087 1489 1153 refouistis.
1596 1088 1755 1166 Quo
1806 1098 2113 1172 tempore
2159 1094 2323 1174 quia
2374 1095 2459 1159 de

352 1184 704 1250 iniuriosis
733 1186 1026 1267 damniS,
1059 1188 1257 1251 uobis
1295 1208 1418 1270 per
1445 1188 1781 1270 quosdam
1811 1190 1999 1253 uiros
2028 1190 2458 1256 aduersarios

352 1286 696 1350 malitiose
738 1288 1022 1350 nimium
1049 1287 1285 1364 illatis,
1315 1287 1481 1351 mihi
1510 1284 1820 1368 grauiter
1861 1292 2221 1371 conquesti
2265 1293 2455 1371 estiS,

351 1385 470 1465 qui
516 1387 835 1468 nequiter
874 1387 1278 1451 insidiantes
1321 1387 1394 1450 in
1438 1388 1896 1452 exterioribus
1921 1390 2089 1471 ripis
2119 1408 2454 1472 aquarum

349 1491 762 1563 uestrarum,
795 1488 855 1549 si
885 1487 1103 1550 dictas
1130 1487 1315 1569 ripas
1347 1486 1797 1552 ascenderent
1828 1487 1902 1550 in
1945 1489 2299 1571 piscando,
2333 1494 2452 1575 qui

348 1583 435 1647 de
465 1583 781 1665 fugitiuis
806 1587 990 1649 serui
1019 1586 1234 1650 uestri
1279 1594 1443 1649 sunt
1471 1586 1721 1663 effecti,
1751 1594 1820 1650 et
1849 1588 1999 1670 pari
2025 1590 2230 1653 modo
2274 1592 2451 1655 mul.-

348 1683 606 1747 totiens
635 1686 1100 1749 custodientes
1129 1685 1458 1750 terminos
1486 1686 1932 1750 mariscorum
1951 1695 2360 1768 uestrorum,
2391 1693 2451 1756 si

346 1782 526 1847 forte
553 1804 721 1848 oues
754 1792 825 1848 et
848 1787 1086 1862 boueS,
1110 1793 1233 1849 aut
1261 1793 1537 1850 caetera
1562 1785 1887 1849 animalia
1912 1794 2146 1851 uestra
2173 1789 2447 1871 longius

344 1884 652 1947 errantia
680 1903 1007 1948 reuocare
1035 1885 1201 1947 dicti
1230 1886 1412 1947 serui
1440 1887 1657 1948 uestri
1702 1886 2138 1963 excederent,
2184 1896 2262 1952 ut
2292 1907 2446 1952 eos-

341 1982 503 2046 dem
553 2003 790 2047 seruos
835 1993 1105 2057 uestros
1151 1991 1354 2048 extra
1402 1991 1708 2047 uestram
1759 1986 2058 2049 insulam
2100 1987 2445 2066 inuentOS,

340 2083 537 2146 uelut
565 2083 996 2165 impunitatis
1024 2103 1191 2148 suae
1224 2084 1624 2161 uiolatoreS,
1657 2085 1948 2167 publicis
1983 2085 2251 2168 legibus
2283 2090 2446 2152 sub-

338 2182 629 2246 iicerent
656 2190 727 2247 et
754 2184 1209 2263 damnarent3
1253 2184 1487 2266 sicque
1536 2203 1815 2247 necesse
1860 2184 1993 2248 fuit
2037 2184 2445 2268 frequentis-

338 2281 514 2346 sime
546 2282 660 2345 uel
688 2283 908 2347 dictos
951 2302 1188 2347 seruos
1219 2290 1486 2347 uestros
1531 2282 1605 2346 in
1643 2302 1891 2347 manus
1935 2284 2235 2349 hostium
2280 2307 2442 2351 suo.-

343 2401 498 2444 rum
543 2382 843 2453 incidere
890 2390 961 2447 et
1005 2383 1251 2464 perire,
1295 2383 1408 2446 uel
1450 2402 1686 2446 eorum
1735 2383 2006 2447 labores
2046 2385 2132 2447 ad
2184 2387 2440 2451 iustum

340 2482 776 2546 commodum
822 2490 1129 2547 uestrum
1179 2502 1319 2547 non
1364 2484 1755 2566 procedere.
1859 2483 2230 2568 Proposita
2279 2506 2446 2570 ergo

342 2583 470 2644 tali
522 2583 803 2663 querela
855 2589 1089 2662 uestra
1142 2603 1266 2665 per
1309 2583 1592 2646 fratrem
1646 2580 1994 2648 Askillum
2051 2606 2444 2653 commona-

341 2681 549 2744 chum
580 2690 911 2760 uestrum,
940 2683 1171 2765 palam
1201 2702 1431 2747 coram
1459 2683 1788 2766 praelatis
1820 2691 1891 2747 et
1918 2687 2314 2767 proceribus
2337 2695 2444 2751 to-

344 2782 485 2844 tius
530 2783 728 2863 regni
779 2783 913 2846 mei
954 2782 1257 2846 Merciae
1307 2784 1491 2865 apud
1534 2782 1944 2863 Beningdon
1991 2784 2235 2848 ultimo
2280 2806 2444 2851 con.-

341 2882 676 2962 gregatiS,
693 2883 1007 2947 omnibus
1035 2881 1398 2946 tenerrime
1426 2882 1999 2964 compatientibus
2031 2902 2237 2965 super
2264 2885 2445 2948 eius-

343 2981 530 3044 modi
555 2982 755 3045 uobis
797 2983 1011 3046 illatis
1040 2981 1330 3059 iniuriis,
1378 2983 1466 3044 ad
1513 2981 1842 3045 honorem
1896 2980 2006 3044 dei
2051 2989 2122 3045 et
2161 2991 2444 3049 sanctae

337 3082 584 3144 matris
629 3082 1002 3145 aecclesiae
1047 3082 1564 3159 releuationem,
1597 3080 2189 3157 considerantibus
2234 3084 2440 3148 etiam

345 3188 414 3243 et
458 3181 1012 3246 collaudantibus
1051 3182 1392 3245 uniuersis
1438 3180 1925 3263 perfectionem
1965 3183 2441 3249 sanctissimae

334 3280 696 3361 religionis
714 3288 1011 3357 uestrae,
1042 3301 1166 3363 pro
1195 3281 1436 3345 maiori
1465 3301 1638 3363 pace
1663 3287 1733 3343 et
1764 3280 2232 3362 quieteuestri
2260 3286 2440 3348 sacri

334 3381 759 3457 monasterii,
794 3380 1209 3462 complacuit
1246 3380 1608 3463 priuilegia
1644 3379 1903 3443 domini
1936 3380 2301 3460 Uuithlafii
2332 3405 2438 3447 re-

344 3480 475 3561 giS,
501 3478 762 3558 fratriS,
790 3488 860 3544 et
881 3480 1427 3562 praedecessoris
1471 3480 1629 3556 mei,
1656 3478 1741 3542 de
1784 3479 2197 3561 impunitate
2241 3484 2441 3547 uobis

344 3598 694 3656 concessa,
720 3580 1068 3654 declarare
1091 3585 1162 3643 et
1190 3580 1505 3656 dilatare,
1533 3580 1603 3641 in
1635 3579 2138 3664 eleemosynam
2166 3582 2439 3647 animae

334 3698 560 3754 meae,
592 3678 1077 3762 declarataque
1115 3686 1188 3743 et
1230 3680 1520 3742 dilatata
1565 3698 1718 3742 meo
1769 3678 2226 3763 chirographo
2271 3702 2437 3746 con-

333 3778 625 3841 firmare.
2095 3825 2108 3839 ἡ
2411 3815 2420 3840 a

336 3911 345 3932 ι
442 3877 889 3961 Quapropter
933 3877 1252 3961 praecepi
1286 3876 1611 3941 Radboto
1663 3876 2130 3942 Lincolniensi
2161 3879 2436 3946 uicedo-

342 3977 526 4041 mino
547 3979 978 4060 caeterisque
1003 3978 1333 4042 ministris
1351 3978 1520 4054 meis
1543 3976 1615 4040 in
1632 3977 1753 4040 illa
1770 3979 1997 4059 patria
2019 3979 2438 4058 constitutis,

344 4076 637 4150 insulam
668 4085 981 4154 uestram,
1010 4077 1490 4160 croylandiae,
1519 4083 1591 4140 et
1620 4078 1947 4140 terminos
1985 4076 2435 4148 mariscorum

347 4184 730 4241 uestrorum
779 4178 1135 4242 circumire
1164 4185 1234 4241 et
1263 4176 1668 4253 describere,
1701 4176 2001 4258 mihique
2042 4181 2111 4236 et
2145 4172 2436 4236 concilio
