3044 5019
830 421 1172 469 CHARTAE
1217 421 1898 483 ANGLOSAXONIOAE.
2344 403 2431 467 83

1154 673 1577 739 CCXCIII.

854 821 1433 900 EALHHERE‚
1480 821 1865 889 860—866.

409 973 486 1053 *1⁴
543 971 638 1035 IN
704 972 983 1036 nomine
1026 972 1141 1035 diii
1187 991 1319 1053 ego
1375 970 1695 1034 ealhhere
1742 971 1922 1036 dabo
1979 980 2049 1037 et
2112 975 2413 1040 concedo

305 1072 558 1153 oswige
592 1094 638 1163 7
668 1071 1080 1136 weahtraebe
1116 1071 1417 1154 aliquem
1452 1078 1722 1153 partem
1746 1079 1924 1136 terre
1956 1121 2408 1139 .........

305 1171 533 1252 uirgas
567 1172 644 1235 in
678 1172 1051 1236 latitudine
1081 1178 1324 1236 contra
1353 1171 1501 1234 eius
1533 1172 1828 1254 pecunia
1868 1192 2003 1255 que
2055 1176 2290 1256 accepi
2323 1176 2409 1239 ab

305 1290 381 1334 eo
412 1270 542 1335 hoc
575 1280 689 1335 est
718 1288 803 1335 cc
825 1294 870 1363 7
904 1288 1062 1335 Lxx
1088 1271 1406 1335 denarios
1432 1278 1503 1335 et
1537 1318 1922 1336 ........
1959 1271 2406 1338 hereditatem

303 1369 433 1433 illis
486 1371 819 1435 habendii
851 1394 896 1463 7
923 1371 1341 1454 possidendi}
1373 1370 1801 1454 feliciterque
1848 1373 1920 1435 in
1957 1371 2197 1437 diebus
2242 1377 2408 1439 eorii

304 1470 722 1551 perfruendii
760 1518 1175 1536 ........
1202 1470 1741 1554 derelinquendii
1772 1472 1986 1535 libera
2019 1492 2144 1555 per
2177 1476 2408 1540 omnia

303 1568 599 1635 habeant
655 1578 1042 1654 potestates
1101 1579 1171 1635 et
1223 1572 1283 1635 si
1331 1571 1486 1654 quis
1537 1569 1713 1634 hanc
1765 1571 1916 1635 mea
1968 1572 2404 1638 donationem

308 1717 730 1736 ........
766 1671 1151 1735 benedictio
1205 1672 1265 1734 si
1312 1668 1359 1733 k
1413 1670 1597 1734 absit
1652 1672 1836 1754 quod
1890 1691 2029 1736 non
2083 1682 2406 1757 optamus

303 1777 379 1833 ut
408 1771 707 1834 alicuius
741 1771 1054 1854 personis
1102 1770 1306 1835 homo
1357 1772 1443 1833 cii
1491 1770 1833 1835 diabolica
1869 1818 2403 1839 ..........

303 1870 678 1952 infringere
721 1878 845 1935 aut
880 1871 1186 1934 minuere
1239 1871 1687 1952 temptauerit
1724 1871 1901 1935 sciat
1947 1891 2022 1935 se
2071 1881 2231 1937 ante
2282 1875 2403 1938 tri-

303 1969 508 2034 bunal
537 1969 664 2058 xpi
700 1971 1078 2035 ratcionem
1113 2019 1459 2035 .......
1495 1978 1566 2034 et
1606 1970 1996 2035 hominibus
2045 1973 2405 2039 emendare

304 2089 390 2134 uo
426 2119 440 2134 .
482 2120 500 2136 .
540 2119 556 2135 .
601 2120 619 2136 .
658 2070 715 2134 it
764 2070 869 2134 his
922 2071 1216 2134 testibus
1282 2070 1932 2134 consenticientibus
1994 2091 2038 2137 a
2100 2075 2401 2138 conscri-

303 2169 627 2235 bentibus
665 2217 1626 2236 ..................

397 2290 531 2352 ego
591 2268 1006 2335 aebelbearht
1053 2291 1180 2334 rex
1230 2271 1407 2334 hanc
1464 2290 1576 2333 me
1614 2316 1849 2336 .....
1887 2273 1971 2334 ne
2009 2273 2094 2334 cii
2139 2272 2403 2337 uexillo

303 2370 413 2433 sce
441 2371 673 2435 crucis
706 2368 826 2457 Χῇί
856 2370 1194 2435 roborabo
1230 2377 1300 2434 et
1325 2369 1682 2434 subscribo
1716 2416 1730 2431 .
1767 2390 1899 2451 ego
1936 2417 2401 2436 .........

302 2488 429 2551 ego
481 2469 756 2535 cialnob
812 2469 962 2535 arhi
1008 2471 1158 2553 epic
1207 2470 1455 2536 conse'fi
1494 2516 1507 2533 .
1546 2518 1560 2532 .
1598 2518 1611 2532 .
1648 2468 1989 2553 ryhtwald
2040 2471 2185 2535 dux
2221 2520 2239 2536 .
2273 2491 2405 2555 ego

302 2572 523 2635 mucel
555 2570 623 2632 ῆι
661 2617 677 2635 .
712 2590 843 2653 ego
876 2571 1239 2634 eastmund
1275 2571 1341 2634 fii
1379 2618 1395 2636 .
1434 2590 1567 2652 ego
1600 2569 1917 2634 ealhhere
1947 2571 2014 2634 ffi
2047 2618 2400 2637 .......

299 2688 427 2751 ego
460 2670 705 2735 aelsred
737 2671 921 2734 filius
962 2672 1079 2757 reg
1118 2718 1134 2736 .
1172 2671 1299 2735 hos
1340 2691 1578 2737 omnes
1629 2679 2035 2736 osenserunt
2082 2680 2153 2737 et
2203 2673 2401 2754 signo

302 2771 414 2834 sce
470 2771 700 2835 crucis
744 2771 1080 2853 ascripse‘f
1128 2818 1144 2836 .
1202 2791 1332 2854 ego
1372 2770 1698 2836 ebelwine
1733 2816 2238 2838 ..........
2272 2791 2402 2852 ego

302 2867 632 2934 aesselstan
683 2893 728 2962 7
776 2872 988 2952 ingan
1042 2872 1405 2953 burgware
1459 2891 1593 2953 ego
1641 2867 1989 2933 aebelhelm
2034 2894 2079 2963 7
2126 2871 2404 2934 cniahta

304 2971 601 3049 gealdan
637 3018 653 3034 .
689 2991 819 3052 ego
850 2970 1191 3035 herewine
1218 2995 1263 3064 7
1294 2971 1540 3037 herred
1576 3015 2128 3035 ...........

1145 3271 1550 3336 CCXCIV.

607 3412 1223 3482 AETHELRED
1286 3418 1411 3482 OF
1466 3417 1904 3496 WESSEX‚
1953 3417 2104 3482 867.

414 3570 491 3650 ,Β
539 3567 628 3630 ΙΝ
659 3565 932 3630 nomine
964 3563 1035 3629 di
1062 3566 1311 3628 summi
1341 3566 1526 3647 regis
1558 3566 1775 3628 eterni
1808 3585 1938 3646 ego
1971 3563 2237 3628 ebelred
2282 3586 2407 3629 rex

308 3667 833 3731 occidentalium
896 3686 1236 3730 saxonum
1301 3686 1439 3729 non
1513 3673 1584 3728 et
1655 3665 2185 3729 cantwariorum
2252 3686 2409 3730 cum

309 3787 645 3832 consensu
687 3787 769 3830 ac
815 3766 1095 3829 licentia
1134 3786 1443 3829 meorum
1484 3767 1895 3846 optimatum
1927 3764 2107 3828 dabo
2141 3773 2211 3829 et
2244 3786 2406 3830 con—

310 3867 473 3931 cedo
514 3887 669 3930 meo
709 3865 894 3929 fideli
947 3866 1166 3929 amico
1210 3864 1575 3947 wighelme
1629 3866 1742 3946 pis
1796 3885 2004 3927 unam
2059 3867 2287 3930 sedem
2338 3867 2410 3928 in

309 3966 458 4031 loco
483 3988 549 4051 q:
575 3967 829 4030 dicitur
848 3965 948 4027 sei
966 3965 1244 4028 martini
1274 3964 1567 4030 ecclesia
1589 3966 1802 4028 mihhi
1826 3965 1913 4028 ad
1945 3965 2411 4050 elemosynam

312 4074 381 4130 et
412 4087 619 4130 unam
648 4065 990 4129 modicam
1019 4064 1332 4128 uillulam
1366 4071 1440 4128 at
1469 4066 1754 4129 eandem
1784 4065 2013 4128 sedem
2045 4085 2201 4127 cum
2227 4070 2412 4124 recte

316 4169 614 4247 pertinet
653 4214 667 4228 .
701 4165 827 4228 hec
858 4171 1022 4229 sunt
1041 4166 1334 4229 termina
1369 4214 1387 4230 .
1421 4165 1676 4230 circum
1706 4165 2028 4246 gacentia
2053 4210 2066 4224 .
2094 4164 2180 4223 ab
2215 4159 2410 4238 aqui-

2080 4282 2114 4316 c
2139 4274 2170 4318 2
