3044 5019
573 401 704 465 412
1081 418 1433 465 anR'rAn
1479 414 2166 464 ANcnoSAxochE.

683 574 761 653 ›1‹
804 572 956 653 Ego
991 570 1267 635 aelfstan
1297 571 1664 676 episcopus
1697 570 2101 683 consignaui

685 673 763 752 ›1‹
809 672 961 752 Ego
994 670 1256 734 eadelm
1292 637 1658 774 episcopus
1691 670 2007 734 consensi
2039 677 2110 733 et
2141 669 2518 752 subscripsi

682 772 760 851 ›1‹
804 771 958 851 Ego
985 735 1363 853 sydemann
1398 770 1763 873 episcopus
1796 768 2103 832 conclusi

683 871 761 950 ›1‹
806 869 960 950 Ego
995 868 1272 932 alfwold
1305 835 1670 975 episcopus
1706 867 2148 932 corroboraui

681 971 759 1050 ›1‹
804 968 956 1049 Ego
983 933 1335 1049 byrhtelm
1361 969 1727 1073 episcopus
1760 967 2082 1031 roboraui

680 1069 758 1148 ›1‹
806 1067 957 1148 Ego
989 1064 1338 1149 ὴγώῐΐθιῢ
1370 1034 1687 1131 minister
1736 1069 1814 1148 ›1‹
1862 1066 2014 1147 Ego
2049 1064 2337 1128 aelfhere
2367 1064 2510 1129 dfix

681 1169 759 1248 ›1‹
804 1167 956 1248 Ego
985 1166 1380 1251 aepelweard
1404 1166 1807 1246 minister&
1855 1165 2008 1246 Ego
2045 1165 2371 1249 aepelstan
2406 1164 2549 1229 dfix

680 1270 758 1348 ›1‹
806 1266 958 1347 Ego
994 1265 1296 1330 aelfwerd
1327 1265 1640 1329 minister
1730 1267 1808 1346 ›1‹
1853 1265 2005 1345 Ego
2035 1265 2377 1348 aepelwine
2411 1263 2556 1328 dux

684 1368 762 1446 ›1‹
805 1366 959 1446 Ego
991 1364 1323 1449 aepelmaer
1352 1365 1666 1428 minister
1736 1366 1814 1444 ›1‹
1860 1364 2014 1445 Ego
2041 1363 2384 1448 byrhtnop
2409 1362 2553 1427 dfix

682 1466 760 1545 ›1‹
807 1464 959 1545 Ego
993 1464 1258 1544 aelfsige
1291 1463 1604 1526 minister
1735 1466 1813 1544 ›1‹
1860 1463 2014 1544 Ego
2047 1463 2303 1543 ordgar
2336 1461 2479 1525 dfix

681 1565 759 1643 ›1‹
801 1563 955 1643 Ego
991 1561 1318 1626 wulfstan
1346 1562 1658 1626 minister
1734 1564 1812 1642 ›1‹
1856 1562 2010 1641 Ego
2044 1561 2261 1625 aelfric
2290 1562 2491 1624 mini}

681 1664 759 1743 ›1‹
805 1662 958 1742 Ego
991 1662 1204 1726 aelfric
1234 1662 1549 1725 minister
1735 1664 1813 1742 ›1‹
1858 1661 2009 1742 Ego
2043 1660 2341 1725 aelfwold
2374 1662 2577 1725 mini}

681 1763 759 1841 ›1‹
807 1761 959 1843 Ego
992 1761 1116 1826 aelf
1117 1759 1293 1824 heah
1325 1761 1638 1824 minister
1738 1761 1816 1840 ›1‹
1864 1760 2014 1841 Ego
2047 1760 2363 1840 wulfsige
2391 1761 2590 1823 mini}

679 1863 757 1941 ›1‹
803 1860 955 1941 Ego
986 1860 1261 1924 ealdred
1296 1860 1610 1928 minister
1731 1861 1809 1940 ›1‹
1855 1859 2008 1939 Ego
2042 1858 2275 1940 sigred
2304 1859 2504 1921 minis

679 1960 757 2038 ›1‹
797 1959 948 2041 Ego
980 1960 1278 2023 leofstan
1312 1959 1626 2040 minister
1734 1960 1812 2038 ›1‹
1857 1959 2010 2040 Ego
2042 1958 2308 2022 eadelm
2336 1958 2536 2020 mini}

1451 2253 1788 2324 rDXIX.

1083 2401 1125 2444 *
1175 2372 1619 2480 minoia,
1654 2402 1839 2466 June
1872 2401 1986 2480 sd,
2019 2402 2170 2467 966.

678 2554 756 2633 ›1‹
799 2550 887 2614 ΙΝ
921 2550 1196 2614 nomine
1224 2559 1507 2615 sanctae
1538 2557 1609 2614 et
1635 2550 2031 2613 indiuiduae
2067 2547 2468 2614 Trinitatis!
2524 2548 2672 2630 Ego

568 2651 929 2731 Eadgarus
958 2669 1083 2712 rex
1116 2657 1186 2713 et
1213 2651 1515 2714 basileus
1549 2651 1764 2714 totius
1783 2649 2085 2730 Angliae
2115 2649 2351 2712 diuino
2384 2649 2669 2712 instinc-

564 2757 678 2814 tus
710 2750 1090 2826 admonitu,
1140 2757 1211 2813 et
1242 2756 1527 2814 sanctae
1562 2748 2110 2812 Dorobernensis
2139 2748 2515 2811 aecclesiae
2548 2765 2669 2810 an-

563 2850 1186 2925 tistitis-Dunstani
1218 2850 1536 2931 precibus
1568 2849 1844 2930 saepius
1877 2846 2311 2923 exhortatus,
2343 2846 2555 2909 reddo
2602 2853 2672 2910 et

562 2949 864 3013 concedo
909 2955 1194 3012 sanctae
1242 2948 1757 3012 Dorobernensi
1803 2947 2180 3010 aecclesiae
2218 2952 2289 3009 et
2319 2946 2671 3009 monachis

547 3050 655 3113 ,ibi
690 3049 1147 3113 seruientibus
1194 3047 1348 3124 deo,
1392 3048 1465 3111 in
1501 3067 1747 3129 puram
1780 3046 2247 3121 elemosinam,
2287 3052 2562 3127 portum
2602 3052 2671 3108 et

560 3148 800 3210 uillam
850 3147 935 3210 de
991 3147 1364 3223 Sanduuic‚
1417 3147 1674 3210 eisdem
1725 3145 2080 3209 monachis
2133 3145 2296 3208 olim
2344 3143 2669 3221 ablatam,

562 3266 717 3309 cum
746 3246 1060 3309 omnibus
1090 3245 1522 3309 libertatibus
1570 3254 1641 3309 et
1679 3243 2291 3308 consuetudinibus
2325 3243 2536 3324 regiis
2581 3243 2666 3306 ad

563 3344 915 3408 Sanduuic
968 3344 1495 3426 pertinentibuS,
1569 3364 1749 3426 quae
1810 3364 1942 3425 ego
1999 3342 2373 3425 aliquando
2437 3342 2669 3419 habui,

559 3445 673 3509 uel
728 3445 979 3526 aliquis
1032 3450 1547 3507 antecessorum
1586 3463 1919 3518 meorum,
1974 3463 2064 3506 ex
2112 3449 2407 3524 utraque
2474 3450 2671 3523 parte

562 3563 785 3626 aquae
818 3544 1308 3625 cuiuscumque
1345 3550 1529 3606 terra
1574 3542 1734 3605 hinc
1780 3543 1894 3606 uel
1932 3542 2093 3604 inde
2120 3541 2351 3605 fuerit.
2457 3538 2670 3604 Prae-

560 3652 753 3707 terea
798 3641 1127 3704 confirmo
1176 3643 1274 3704 eis
1325 3661 1564 3705 omnes
1619 3643 2013 3706 mansiones
2062 3660 2238 3722 quas
2284 3640 2544 3704 habent
2600 3641 2671 3702 in

558 3742 729 3805 uilla
782 3739 867 3803 de
928 3740 1301 3818 Sanduuic‚
1350 3761 1531 3824 quae
1587 3740 1687 3803 eis
1741 3741 2037 3804 collatae
2085 3749 2251 3803 sunt
2304 3740 2378 3802 in
2427 3758 2671 3821 puram

545 3839 1006 3914 ,elemosinam
1036 3858 1080 3902 a
1106 3839 1444 3904 fidelibus,
1515 3839 1722 3904 Unde
1744 3840 1907 3904 uolo
1941 3838 2126 3921 quod
2157 3839 2388 3901 nullus
2418 3837 2671 3900 ibidem

561 3942 814 4005 habeat
847 3939 1127 4021 aliquod
1159 3939 1268 4001 ius
1300 3940 1434 4003 nisi
1473 3945 1745 4003 tantum
1789 3938 2109 4003 monachi
2153 3934 2373 4001 nostri
2407 3937 2492 4000 de
2525 3937 2672 4000 Do-

559 4041 901 4105 robernia.
1025 4037 1439 4122 Quicunque
1489 4045 1722 4102 autem
1772 4038 1952 4102 hanc
2009 4056 2231 4100 meam
2277 4036 2672 4116 largifluam

558 4139 1096 4202 munificentiam
1165 4138 1658 4220 interrumpere
1729 4146 1852 4203 aut
1922 4137 2185 4201 uiolare
2262 4154 2669 4219 praesump-
