3044 5019
589 433 720 497 214
1096 446 1441 496 cHARTAE
1487 444 2176 495 ANGLOSAXONIOAE.

591 604 808 668 fridus
838 602 1201 686 episcopus
1231 603 1410 667 dabo
1433 602 1591 666 illas
1618 621 1708 667 .V.
1732 623 2010 667 mansas
2036 604 2493 668 Beorhtwene
2521 602 2704 668 filiae

594 702 1033 781 Wulfhelmi,
1056 722 1235 786 quae
1256 703 1390 767 fuit
1406 723 1587 767 uxor
1608 703 1842 768 fratris
1869 703 2054 768 illius
2075 703 2524 781 Beorhthere,
2548 723 2704 766 cum

595 804 911 868 omnibus
951 803 1039 867 ad
1076 822 1150 867 se
1182 802 1313 867 rite
1344 804 1875 887 pertinentibuS,
1906 804 2193 888 campis,
2225 804 2446 880 siluiS,
2491 803 2704 867 silua-

595 923 883 986 rumque
943 903 1378 983 nemoribus;
1438 910 1519 967 ut
1582 903 1753 969 haec
1814 923 2140 988 prospere
2204 904 2559 987 possideat
2621 923 2706 967 ac

598 1004 1039 1069 aeternaliter
1095 1010 1354 1079 teneat,
1409 1002 1575 1067 dum
1626 1003 1828 1067 huius
1885 1006 2042 1068 aeui
2104 1003 2370 1085 fragilis
2427 1022 2706 1067 cursum

597 1105 701 1168 uti
754 1103 1059 1181 audebit,
1106 1110 1267 1186 post
1324 1122 1399 1165 se
1464 1110 1695 1167 autem
1747 1103 1967 1167 ueluti
2020 1102 2508 1168 affirmauimus
2560 1105 2707 1167 cui-

598 1224 868 1287 cunque
902 1204 1199 1268 uoluerit
1224 1202 1502 1267 haeredi
1536 1203 1993 1286 derelinquat,
2016 1224 2140 1267 ceu
2168 1203 2709 1285 supradiximuS,

598 1307 672 1369 in
718 1311 1069 1369 aeternam
1110 1303 1625 1367 haereditatem.
1723 1303 1884 1367 Fiat
1915 1311 2145 1368 autem
2178 1304 2490 1386 praefata
2525 1310 2711 1368 terra

601 1406 690 1469 ab
722 1402 910 1468 omni
938 1403 1172 1467 seruili
1206 1404 1371 1484 iugo
1405 1403 1623 1467 libera
1640 1422 1797 1467 cum
1823 1404 2140 1468 omnibus
2173 1403 2308 1468 sibi
2335 1412 2521 1468 recte
2556 1424 2712 1488 per-

601 1505 1005 1581 tinentibUS,
1051 1504 1360 1587 exceptis
1410 1502 1567 1581 hiis,
1616 1502 2080 1586 expeditione,
2136 1504 2394 1587 pontis,
2443 1504 2711 1568 arcisue

605 1603 1189 1668 coaedificatione.
1297 1603 1505 1667 Hanc
1544 1622 1711 1667 uero
1759 1604 2215 1686 praelatiuam
2268 1604 2711 1668 donationem

603 1704 988 1768 sublimiter
1018 1721 1063 1765 a
1094 1709 1293 1785 patre
1324 1703 1659 1767 luminum
1686 1704 2115 1786 instigatam,
2159 1703 2473 1787 quisquis
2520 1705 2711 1768 beni—

604 1804 768 1869 uola
824 1822 907 1868 ac
970 1802 1156 1866 fideli
1213 1809 1442 1867 mente
1494 1804 1813 1884 augendo
1864 1804 2286 1886 amplificare
2345 1804 2708 1887 satagerit,

606 1910 862 1985 augeat
935 1903 1441 1985 amplificetque
1516 1904 1999 1986 cunctiparens
2081 1905 2353 1987 genitor
2432 1905 2503 1969 in
2583 1905 2711 1967 hoc

603 2004 953 2086 praesenti
1010 2002 1289 2067 saeculo
1336 2003 1553 2067 uitam
1608 2003 1820 2081 illius,
1875 2012 1947 2068 et
1997 2024 2152 2068 cum
2200 2004 2343 2068 suis
2393 2006 2708 2068 omnibus

603 2122 936 2186 prospera
1014 2102 1306 2168 feliciter
1380 2102 1819 2185 longiturnae
1896 2105 2082 2168 uitae
2159 2104 2436 2186 gaudia,
2505 2112 2576 2168 et
2637 2107 2708 2168 in

605 2204 838 2267 futuro
884 2202 1126 2267 audiat
1176 2203 1368 2266 illam
1418 2203 1828 2267 dominicam
1882 2224 2122 2267 uocem
2166 2205 2505 2269 dicentem
2558 2206 2710 2282 sibi,

607 2304 863 2368 Uenite
918 2302 1262 2367 benedicti
1320 2303 1539 2385 patris
1601 2303 1760 2381 mei,
1806 2304 2138 2386 percipite
2185 2324 2475 2386 regnum
2528 2306 2708 2387 quod

606 2405 805 2467 uobis
852 2409 1174 2485 paratum
1221 2409 1328 2467 est
1388 2404 1476 2466 ab
1531 2403 1797 2484 origine
1849 2404 2110 2468 mundi.
2234 2404 2713 2469 Minuentibus

607 2524 771 2568 uero
822 2511 1029 2586 atque
1073 2502 1552 2585 frangentibus
1596 2502 1775 2569 hanc
1818 2504 2283 2582 donationem,
2321 2504 2507 2588 quod
2547 2514 2712 2589 opto

608 2604 790 2667 absit
815 2623 859 2666 a
886 2602 1188 2666 fidelium
1234 2602 1603 2681 mentibUS,
1643 2598 1883 2668 terrat¹
1919 2624 2081 2687 pars
2113 2625 2346 2669 eorum
2377 2625 2532 2668 cum
2575 2607 2714 2671 illis

607 2704 693 2767 de
722 2704 968 2784 quibus
1005 2710 1334 2768 econtra
1361 2703 1587 2782 fatur,
1631 2703 1987 2770 Discedite
2035 2724 2077 2768 a
2110 2725 2219 2769 me
2262 2706 2612 2770 maledicti
2641 2707 2713 2770 in

607 2805 837 2885 ignem
873 2809 1254 2882 aeternum,
1290 2804 1409 2887 qui
1443 2811 1732 2887 paratus
1773 2811 1882 2868 est
1916 2805 2266 2870 Sathanae
2297 2813 2367 2870 et
2393 2806 2711 2870 satelliti-

607 2905 738 2968 bus
767 2904 958 2984 eius3
1006 2903 1139 2967 nisi
1179 2905 1373 2988 prius
1417 2904 1628 2987 digna
1673 2905 1804 2969 deo
1846 2906 2273 2988 poenitentia
2297 2908 2573 2970 ueniam
2616 2908 2714 2972 le-

607 3004 750 3086 gali
797 3003 1270 3069 satisfactione
1323 3005 1710 3069 emendent.
1837 3005 2005 3069 Istis
2050 3007 2453 3071 terminibus
2513 3026 2712 3089 prae-

608 3105 796 3169 dicta
842 3112 1029 3168 terra
1072 3105 1558 3187 circumgirata
1606 3124 1757 3171 esse
1799 3106 2099 3184 uidetur,
2144 3113 2276 3170 etc.
2379 3106 2566 3172 Acta
2609 3117 2715 3172 est

608 3203 924 3286 praefata
966 3204 1247 3268 donatio
1294 3224 1477 3269 anno
1522 3206 1612 3269 ab
1656 3205 2129 3270 incarnatione
2180 3207 2438 3271 domini
2493 3209 2712 3273 nostri

611 3302 823 3367 Ihesu
860 3303 1119 3368 Christi
1155 3316 1671 3370 Dccccxxx1X.
1700 3305 2073 3370 indictione
2107 3324 2244 3371 ΧΠ.

713 3404 864 3485 Ego
914 3401 1359 3468 AEsselstanus
1413 3425 1539 3469 rex
1587 3407 1801 3470 totius
1866 3407 2275 3471 Britanniae
2329 3408 2711 3491 praefatam

607 3505 1048 3569 donationem
1080 3524 1236 3569 cum
1286 3505 1515 3587 sigillo
1561 3513 1844 3570 sanctae
1883 3508 2106 3572 crucis
2156 3508 2559 3572 confirmaui
2599 3511 2709 3591 ᾧ.

611 3604 764 3685 Ego
800 3603 1190 3669 wulfhelm
1235 3606 1785 3670 Dorobernensis
1839 3609 2212 3672 aecclesiae
2258 3608 2711 3691 archiepisco-

605 3723 739 3787 pus
804 3705 1106 3768 eiusdem
1162 3706 1345 3787 regis
1411 3707 1855 3771 donationem
1935 3728 2089 3771 cum
2164 3709 2453 3790 tropheo
2513 3712 2714 3791 agiae

605 3805 828 3869 crucis
889 3805 1298 3886 consignaui
1362 3808 1473 3888 ᾧ.
1599 3806 1754 3888 Ego
1808 3808 1967 3871 AElf
1968 3808 2146 3871 heah
2209 3808 2713 3874 Wintoniensis

603 3905 977 3969 aecclesiae
1051 3904 1415 3988 episcopus
1495 3907 1981 3990 triumphalem
2061 3910 2424 3992 tropheum
2512 3912 2713 3992 agiae

604 4005 825 4069 crucis
854 4006 1195 4087 impressi,
1222 4012 1352 4070 ete.

1533 4130 1549 4162 ¹
1574 4135 1658 4183 Sic
1683 4135 1796 4185 MS.
