3044 5019
548 430 679 493 166
1059 448 1402 495 CHARTAE
1448 447 2135 494 ANcmsAxochss.

550 601 963 684 particulam
1049 602 1455 666 mirabiliter
1531 622 1953 678 concessam,
2030 622 2184 665 meo
2265 601 2450 664 fideli
2513 602 2663 683 epi-

553 721 765 783 scopo
811 702 1271 783 Beornheago
1318 703 1573 779 tribuo,
1611 702 1683 764 id
1723 710 1830 765 est
1864 709 2163 784 quatuor
2207 699 2665 777 cassatorum,

551 802 623 863 in
688 801 842 865 loco
904 821 1108 883 quem
1177 800 1503 865 solicolae
1574 809 1831 866 uocant
1909 802 1998 865 ad
2082 801 2663 883 Medemenynga,

554 920 710 962 cum
774 901 956 963 silua
1005 902 1405 983 campisque
1451 902 1540 964 ad
1596 921 1749 964 eam
1802 902 2211 977 iacentibuS,
2259 921 2439 983 quae
2486 901 2666 963 Ear-

554 1000 802 1081 nelega
866 1001 1139 1063 dicitur.
1264 999 1691 1083 Pratumque
1738 1001 1925 1082 quod
1987 1002 2341 1064 ciuitatem
2397 998 2663 1077 Hetha,

556 1100 740 1181 quod
792 1099 1136 1163 Saxonice
1177 1098 1490 1162 Garstun
1544 1100 1958 1182 appellatur,
2012 1108 2091 1163 ut
2143 1101 2262 1163 ille
2312 1120 2465 1163 eam
2512 1100 2663 1163 sine

552 1200 720 1280 iugo
762 1199 1212 1264 detestandae
1256 1201 1616 1263 seruitutis
1655 1199 2032 1263 liberaliter
2066 1219 2149 1262 ac
2198 1199 2666 1276 aeternaliter,

559 1299 889 1381 quamdiu
944 1300 1344 1363 uerberanti
1395 1300 1773 1363 ocellorum
1839 1300 2104 1375 uolatu,
2157 1319 2466 1381 auraque
2518 1300 2662 1381 spi-

557 1399 758 1461 rabili
788 1399 1125 1480 potiatur,
1171 1398 1467 1477 habeat;
1513 1406 1586 1463 et
1618 1406 1778 1480 post
1813 1399 2228 1479 generalem,
2259 1400 2380 1481 qui
2413 1400 2488 1461 in
2514 1418 2663 1461 om—

557 1499 762 1561 nibus
796 1506 1164 1580 certusque
1195 1499 1639 1580 incertusque
1671 1498 2104 1562 homunculis
2127 1505 2403 1562 constat
2433 1506 2666 1561 trans·

555 1599 754 1673 itum,
795 1598 1182 1678 cuicunque
1227 1599 1684 1661 successionis
1737 1597 2018 1662 haeredi
2063 1599 2364 1662 uoluerit
2408 1599 2665 1681 imper-

557 1704 842 1779 petuum
888 1697 1342 1778 derelinquat.
1450 1697 1526 1760 Si
1578 1705 1839 1775 autem,
1886 1698 2071 1780 quod
2120 1718 2259 1761 non
2317 1705 2667 1780 optamuS,

558 1796 812 1879 aliquis
848 1798 1143 1879 superbe
1187 1804 1397 1878 atque
1441 1805 1767 1879 proterue
1813 1798 2284 1861 flammiuoma
2334 1797 2668 1861 adminis-

558 1904 788 1960 trante
837 1897 1103 1960 inuidia
1152 1896 1428 1959 afflatus
1482 1897 1803 1979 spiritum
1854 1899 2185 1975 euenerit,
2238 1898 2421 1961 hanc
2468 1917 2667 1961 meae

559 1997 1081 2078 compositionis
1140 2015 1223 2059 ac
1281 1996 1826 2061 confirmationis
1894 1998 2319 2061 breuiculam
2391 1997 2667 2061 demere

559 2102 681 2158 aut
744 2095 1144 2177 infringere,
1191 2103 1261 2159 et
1321 2097 1410 2159 ad
1469 2096 1759 2159 nihilum
1805 2097 2143 2161 deducere
2196 2099 2670 2179 temptauerit,

559 2195 735 2258 sciat
778 2213 853 2258 se
899 2196 1278 2260 nouissima
1323 2216 1405 2259 ac
1436 2216 1695 2277 magna
1738 2198 2273 2260 examinationis
2317 2196 2450 2274 die,
2494 2198 2670 2261 tuba

557 2302 1034 2377 perstrepente
1088 2295 1511 2377 archangeli,
1563 2297 1787 2360 bustis
1836 2305 2085 2379 sponte
2130 2297 2669 2374 dehiscentibus,

559 2403 832 2458 somata
870 2396 989 2459 diu
1022 2403 1351 2477 corrupta
1381 2396 1932 2478 relinquentibus
1965 2396 2320 2460 elementis
2359 2398 2673 2461 omnium'

561 2501 1036 2559 creaturarum
1068 2495 1619 2577 pauefactarum,
1653 2517 1809 2561 cum
1847 2496 2028 2561 Iuda
2056 2497 2431 2579 proditore,
2468 2498 2591 2580 qui
2622 2518 2667 2561 a

561 2595 814 2657 satoris
859 2595 975 2676 pio
1009 2603 1164 2658 sato
1198 2595 1383 2658 filius
1430 2597 1840 2679 perditionis
1872 2597 2147 2675 dicitur,
2184 2604 2469 2661 aeterna
2500 2617 2668 2661 con-

562 2692 835 2757 fusione
881 2695 1207 2758 edacibus
1262 2695 1867 2759 innumerabilium
1915 2704 2415 2761 tormentorum
2465 2696 2665 2760 flam-

559 2793 690 2855 mis
723 2795 1105 2876 periturum
1131 2815 1147 2858 :
1184 2795 1389 2858 huius
1420 2815 1745 2878 namque,
1773 2817 1819 2859 a
1849 2797 1978 2860 deo
2009 2797 2425 2879 dominoque
2448 2796 2664 2860 Ihesu

562 2892 842 2958 Christo
891 2896 1275 2977 inspirante
1308 2902 1519 2978 atque
1562 2897 1869 2973 uiuente,
1921 2896 2303 2960 uoluntatis
2358 2897 2665 2974 scedula,

561 2994 633 3056 in
666 2994 838 3058 uilla
881 2996 1198 3059 omnibus
1245 2997 1610 3059 notissima
1645 3016 1825 3078 quae
1861 2996 2455 3079 Lullyngminstre
2486 3016 2666 3060 nun-

563 3102 882 3175 cupatur,
930 3095 1296 3177 episcopiS,
1346 3096 1737 3173 abbatibuS,
1791 3096 2105 3173 ducibUS,
2166 3098 2436 3178 patriae
2501 3116 2666 3178 pro-

562 3194 1020 3272 curatoribus,
1042 3196 1238 3275 regia
1258 3195 1659 3277 dapsilitate
1682 3197 2079 3273 ouantibus,
2103 3195 2495 3277 proscripta
2515 3203 2625 3259 est
2646 3217 2666 3276 3

562 3293 759 3355 cuius
805 3294 1014 3356 etiam
1058 3294 1511 3359 inconcussae
1557 3296 1905 3359 firmitatis
1952 3295 2269 3359 soliditas
2332 3295 2467 3358 hiis
2519 3302 2665 3359 tes-

564 3390 750 3455 tibus
781 3394 1110 3457 roborata
1143 3403 1441 3472 constat,
1476 3415 1770 3476 quorum
1818 3396 2101 3460 nomina
2139 3397 2386 3460 subtus
2427 3414 2668 3460 carac-

565 3493 828 3555 teribus
864 3494 1141 3575 depicta
1175 3495 1618 3558 adnotantur.

675 3594 752 3673 ›1‹
788 3593 940 3674 Ego
974 3592 1421 3659 AEbelstanus
1465 3594 1839 3676 singularis
1871 3594 2223 3677 priuilegii
2268 3594 2673 3659 monarchia

563 3691 918 3773 praeditus
975 3713 1123 3770 rex,
1179 3694 1382 3759 huius
1434 3695 1507 3757 in
1544 3740 2019 3759 .........
2055 3695 2451 3757 firmitatem
2508 3714 2668 3758 cum

562 3791 763 3873 signo
826 3800 1108 3858 sanctae
1176 3814 1583 3877 semperque
1651 3795 1987 3858 amandae
2041 3794 2289 3871 cruciS,
2343 3794 2669 3858 corrobo-

560 3893 713 3954 raui
746 3899 819 3954 et
852 3894 1251 3976 subscripsi.
1369 3897 1446 3976 ›1‹
1491 3894 1644 3975 Ego
1668 3893 2144 3958 Wulfhelmus
2179 3893 2671 3957 Dorobernen-

562 3992 657 4054 sis
720 3992 1096 4056 aecclesiae
1149 3995 1516 4075 episcopus
1563 3995 1879 4056 consensi
1935 4001 2006 4057 et
2060 3993 2462 4076 subscripsi.
2578 3996 2660 4075 >1⁴

566 4092 718 4173 Ego
742 4091 1074 4154 AElfheah
1108 4094 1475 4175 episcopus
1503 4094 1820 4156 consensi
1855 4101 1925 4156 et
1942 4094 2343 4175 subscripsi.
2412 4094 2491 4176 ›1‹
2522 4093 2678 4174 Ego

564 4191 845 4272 Eadgar
911 4191 1279 4275 episcopus
1344 4194 1662 4256 consensi
1722 4199 1793 4256 et
1856 4194 2252 4276 subscripsi.
2392 4194 2469 4273 ›1‹
2515 4193 2672 4273 Ego
