3044 5019
628 423 761 488 352
1139 440 1482 488 anR‘rAss
1528 439 1673 486 ANG
1685 439 2209 489 LosAxochss.

632 596 818 658 omni
850 612 1087 671 censu,
1119 603 1191 658 et
1224 595 1692 677 expeditionis
1721 597 2149 679 profectione
2177 597 2553 680 pontisque
2585 618 2746 662 con-

626 695 1032 771 structione,
1086 701 1158 757 et
1210 696 1390 757 arcis
1456 694 1859 761 munitione.
1965 696 2041 761 Si
2101 696 2258 779 quis
2306 716 2496 774 uero,
2556 698 2737 779 quod

628 794 835 871 absit,
883 794 1277 858 donationis
1322 796 1674 858 munimen
1724 795 2043 878 frangere
2085 804 2209 860 aut
2252 796 2561 860 minuere
2616 817 2739 861 uo-

626 893 857 970 luerit,
894 893 1070 958 sciat
1098 911 1173 956 se
1209 912 1400 957 reum
1434 895 1619 958 omni
1656 895 1827 959 hora
1859 897 2046 960 uitae
2083 915 2251 959 suae
2284 902 2355 959 et
2388 896 2738 960 tenebrosi

626 992 946 1058 Tartaris
991 993 1421 1057 flammineas
1470 996 1843 1076 uoragines
1875 996 1949 1059 in
1975 996 2211 1059 futuro
2244 1014 2382 1058 non
2418 996 2737 1074 euadere,

626 1093 761 1155 nisi
834 1093 1027 1175 prius
1089 1112 1248 1156 cum
1309 1092 1788 1158 satisfactione
1865 1095 2167 1178 pleniter
2241 1095 2740 1160 emendauerit.

627 1189 890 1256 Actum
938 1201 1046 1256 est
1079 1192 1210 1256 hoc
1251 1211 1444 1256 meae
1489 1195 1955 1258 concessionis
1995 1196 2252 1259 donum
2296 1214 2480 1259 anno
2525 1195 2744 1259 domi-

626 1291 822 1356 nicae
852 1291 1348 1373 incarnationis
1388 1310 1822 1358 nccccnvm.
1858 1296 2237 1359 indictione
2273 1342 2516 1358 .....
2554 1314 2734 1359 anno

623 1392 819 1472 regni
858 1392 992 1454 mei
1035 1393 1109 1455 in
1160 1391 1314 1455 loco
1369 1391 1640 1457 famoso
1695 1393 1815 1476 qui
1868 1394 2126 1458 dicitur
2158 1394 2500 1458 Wentric.
2609 1395 2735 1459 Hii

619 1497 835 1553 testes
869 1491 1161 1555 aderant
1195 1492 1313 1572 qui
1344 1490 1474 1555 hoc
1510 1502 2010 1558 consenserunt
2042 1501 2114 1557 et
2151 1493 2732 1576 subscripserunt,

622 1597 694 1653 et
744 1609 898 1653 cum
947 1589 1352 1674 triumphali
1405 1591 1669 1656 uexillo
1715 1602 2002 1657 sanctae
2048 1594 2276 1657 crucis
2319 1592 2584 1658 Christi
2619 1595 2731 1657 fir-

620 1697 986 1754 mauerunt
1017 1698 1088 1755 et
1121 1692 1774 1755 corroborauerunt.

734 1792 812 1872 ›1‹
843 1790 997 1872 Ego
1056 1791 1422 1872 Eadgarus
1483 1810 1611 1854 rex
1664 1791 2091 1856 Merciorum
2162 1799 2733 1875 caeterarumque

617 1890 977 1953 nationum
1051 1891 1366 1954 consensi
1444 1898 1517 1953 et
1580 1892 1880 1956 scribere
1939 1890 2110 1955 iussi
2171 1899 2242 1957 et
2307 1912 2466 1955 cum
2526 1892 2729 1974 signo

617 1997 901 2053 sanctae
934 1991 1157 2055 crucis
1191 1989 1462 2054 firmaui
1493 1998 1566 2053 et
1598 1990 2069 2055 corroboraui.

1371 2286 1997 2353 ccccnxxw.

1364 2409 1807 2513 EXDWIG,
1850 2432 2000 2497 958.

726 2589 804 2669 ›1‹
835 2587 925 2650 IN
961 2585 1236 2649 nomine
1256 2584 1513 2649 domini
1549 2585 1771 2649 nostri
1800 2584 2012 2648 Ihesu
2052 2584 2353 2648 Christi!
2445 2584 2725 2649 Scilicet

613 2705 698 2748 ea
730 2706 909 2768 quae
956 2686 1334 2749 secundum
1378 2686 1603 2767 legem
1643 2685 2049 2749 canonicam
2083 2704 2166 2748 ac
2199 2683 2721 2766 dispositionem

611 2786 1021 2851 ordinantur
1055 2806 1138 2850 ac
1178 2785 1720 2861 constituuntur,
1755 2784 1918 2848 licet
1963 2785 2154 2849 solus
2181 2804 2406 2848 sermo
2437 2784 2716 2849 conclu-

612 2885 757 2963 dat,
806 2895 1040 2951 tamen
1093 2885 1510 2949 fidelissimis
1561 2885 1924 2967 scripturis
1969 2892 2040 2947 et
2075 2884 2505 2947 documentis
2550 2891 2715 2949 sunt

608 2987 1174 3062 commendanda,
1198 3005 1284 3048 ne
1311 2986 1382 3048 in
1411 2984 1759 3049 obliuione
1781 2984 2295 3049 succedentium
2328 2984 2451 3048 fiat
2479 2983 2716 3066 aliqua

606 3085 893 3165 ignauia
932 3084 1377 3168 torpitudinis
1415 3085 1723 3167 priorum
1758 3084 2358 3148 constitutionum.
2448 3081 2710 3160 Quam-

608 3184 843 3249 obrem
864 3204 995 3267 ego
1019 3184 1311 3265 Eadwig
1334 3204 1482 3261 rex,
1506 3181 1897 3266 Anglorum
1916 3184 2340 3265 gubernator
2360 3190 2429 3247 et
2456 3190 2729 3261 rector,-

606 3283 881 3347 cuidam
941 3303 1095 3347 meo
1144 3283 1329 3346 fideli
1385 3283 1700 3348 ministro
1758 3304 1963 3365 quem
2023 3281 2338 3348 nonnulli
2390 3282 2706 3347 uocitant

605 3389 772 3447 noto
804 3382 1163 3448 uocamine
1179 3382 1510 3465 Wulfgar
1538 3384 1878 3447 modicam
1907 3390 2175 3465 partem
2211 3390 2462 3460 terrae,
2493 3381 2564 3444 id
2599 3390 2707 3448 est

600 3491 741 3548 tres
770 3502 1049 3548 mansas
1082 3482 1351 3546 duobus
1373 3484 1445 3546 in
1469 3483 1664 3560 locis,
1699 3482 1845 3546 illic
1869 3484 1990 3546 ubi
2021 3481 2323 3564 Anglico
2346 3501 2538 3547 more
2572 3500 2699 3564 ap-

599 3583 974 3667 pellatione
1001 3583 1254 3647 dicitur
1298 3590 1373 3647 at
1405 3582 1787 3658 Dorntune,
1835 3589 1915 3647 ut
1947 3582 2201 3646 habeat
2233 3600 2314 3645 ac
2347 3581 2701 3664 possideat

598 3683 928 3766 quamdiu
971 3684 1191 3760 uiuat,
1238 3690 1308 3747 et
1352 3689 1512 3765 post
1550 3702 1625 3746 se
1660 3683 2044 3764 cuicunque
2083 3681 2382 3746 uoluerit
2421 3681 2700 3745 haeredi

592 3782 1026 3865 derelinquat
1071 3783 1146 3846 in
1196 3790 1550 3847 aeternam
1601 3781 2115 3846 haereditatem.
2221 3779 2513 3845 Maneat
2560 3800 2688 3845 au-

590 3893 732 3949 tem
789 3882 1217 3965 praedictum
1270 3902 1389 3946 rus
1448 3881 1740 3946 liberum
1796 3884 1886 3945 ab
1936 3882 2123 3945 omni
2159 3881 2515 3944 „mundiali
2565 3881 2689 3944 ob-

588 3984 884 4061 staculo,
917 4002 1074 4046 cum
1107 3983 1423 4046 omnibus
1446 3982 1536 4045 ad
1570 4002 1646 4045 se
1668 3983 1800 4046 rite
1833 3981 2364 4064 pertinentibuS,
2401 3981 2690 4062 campiS‚

584 4084 830 4167 pratiS,
862 4083 1165 4165 pascuiS,
1189 4081 1409 4159 siluis»,
1433 4082 1744 4163 exceptis
1774 4082 1927 4145 istis
1952 4080 2195 4156 tribus,
2220 4079 2690 4162 expeditione,

580 4185 814 4267 pontis
858 4182 1129 4247 arcisue
1162 4182 1695 4247 constructione.
1801 4179 1878 4244 Si
1920 4180 2077 4265 quis
2121 4198 2291 4244 uero
2345 4179 2476 4243 hoc
2528 4199 2689 4243 nos·
