3044 5019
866 450 1208 502 anR'rAn
1250 450 1934 501 AncmsAxochss.
2351 442 2440 505 75

330 606 830 688 perfruendum
911 615 1071 690 post
1132 608 1280 673 dies
1361 609 1512 673 eius
1566 607 1930 692 'cuicumqt
2008 606 2147 673 hei'
2204 606 2437 675 heredi

333 706 682 788 placuerit
740 706 1348 791 derelinquendum
1392 707 1680 773 liberam
1722 728 1847 790 per
1897 708 2129 773 omnia
2183 708 2439 774 habeat

332 813 758 889 potestatem
824 826 981 870 cum
1042 808 1303 890 campis
1366 808 1567 872 siluis
1629 809 1848 890 pratis
1900 809 2179 891 pascuis
2236 810 2438 892 aquis

331 907 826 971 uenationibus
892 908 1170 990 pascuis
1227 927 1594 990 porcorum
1655 907 1932 990 simulq3
1993 908 2308 972 mariscis
2368 916 2440 973 et

332 1024 496 1069 cum
561 1007 880 1073 omnibus
943 1007 1363 1073 utilitatibus
1415 1007 1549 1071 rite
1605 1026 1687 1071 ac
1746 1014 1933 1071 recte
1995 1007 2085 1071 ad
2150 1007 2437 1071 eandem

332 1110 599 1171 terram
632 1106 1071 1188 pertinentib:
1108 1105 1238 1172 hoc
1270 1106 1401 1170 feci
1436 1129 1489 1193 p
1530 1106 1679 1170 eius
1732 1105 1975 1170 humili
2021 1105 2436 1171 hobocdien-

332 1205 434 1267 tia
469 1204 818 1287 simulque
846 1229 899 1293 p
933 1207 1082 1270 eius
1125 1205 1453 1289 placauili
1500 1213 1646 1287 atq:
1698 1206 2093 1287 conpetenti
2143 1207 2439 1287 pecunia

329 1323 551 1385 quam
587 1305 676 1368 ab
709 1325 793 1367 eo
834 1306 1072 1387 accepi
1120 1305 1302 1369 hoc÷
1327 1312 1640 1370 cccc,tos
1687 1323 2056 1369 mancusas
2107 1306 2260 1368 auri
2307 1325 2435 1387 pu-

331 1403 597 1468 rissimi
649 1404 828 1468 hanc
873 1403 922 1468 k
965 1412 1220 1469 terram
1252 1405 1891 1488 supranominatam
1937 1411 2010 1467 et
2048 1404 2437 1469 mersaham

342 1504 422 1583 ›1‹
468 1524 607 1586 ego
636 1501 1031 1569 ebelbearht
1059 1524 1184 1567 rex
1230 1505 1318 1568 ab
1358 1504 1544 1568 omni
1578 1504 1916 1567 seruitute
1958 1503 2178 1585 regali
2209 1505 2437 1587 operis

329 1603 527 1668 intus
561 1609 633 1666 et
652 1602 820 1667 soris
852 1603 1123 1685 magnis
1156 1623 1238 1667 ac
1269 1604 1558 1667 modicis
1589 1603 1774 1666 notis
1804 1609 1874 1666 ct
1903 1602 2160 1683 ignotis
2191 1623 2434 1685 peren-

331 1703 519 1767 niter
563 1702 875 1767 liuerauo
906 1704 1041 1767 nisi
1077 1702 1185 1767 his
1228 1709 1499 1767 tantum
1544 1701 1766 1766 tribus
1810 1702 2040 1766 causis
2087 1701 2217 1766 hoc
2246 1719 2280 1764 ὓ
2312 1723 2434 1766 ex-

317 1802 689 1884 peditione
721 1810 791 1866 et
825 1804 1004 1866 arcis
1046 1803 1426 1866 munitione
1472 1801 1775 1884 pontisq:
1825 1803 2336 1865 constructione
2368 1810 2439 1866 et

331 1900 511 1965 illud
580 1901 766 1964 foras
830 1902 1074 1965 reddat
1131 1909 1304 1984 quot
1366 1901 1501 1965 siui
1563 1902 1752 1964 intus
1804 1900 2099 1963 faciendi
2152 1909 2439 1983 appetat

331 2000 464 2064 hec
495 1998 544 2062 l?
576 2008 763 2064 terra
792 2002 1270 2084 prenominata
1299 2001 1406 2065 his
1437 2001 1817 2065 notissimis
1859 2000 2263 2064 terminibus
2304 2002 2435 2064 cir-

333 2100 805 2180 cumcingitur
866 2121 909 2163 a
969 2101 1235 2164 meritie
1293 2108 1363 2164 et
1425 2101 1513 2163 ab
1577 2100 1932 2164 occidente
1993 2105 2144 2162 stur
2218 2120 2438 2183 usque

330 2196 730 2264 blacanribe
780 2201 868 2263 ab
917 2191 1181 2282 aq¹lone
1225 2207 1297 2263 et
1340 2200 1428 2262 ab
1478 2200 1744 2262 oriente
1796 2199 2225 2262 eadwealdes
2272 2201 2435 2264 boc-

332 2298 501 2362 land
538 2306 612 2363 to
643 2300 1124 2364 bradeburnan
1157 2305 1332 2381 estq:
1365 2317 1507 2362 una
1547 2298 1754 2363 semis
1788 2304 2024 2362 aratra
2055 2298 2143 2362 ab
2175 2299 2438 2363 oriente

333 2406 535 2463 sture
567 2418 635 2480 q:
682 2400 864 2464 iacet
894 2406 970 2463 at
1000 2397 1370 2462 confinium
1413 2418 1569 2480 usq:
1617 2397 1865 2479 garulfi
1914 2397 2099 2478 regis
2142 2398 2437 2462 ministri

334 2505 412 2564 to
448 2498 835 2563 mersaham
869 2522 914 2590 7
944 2498 1146 2562 meda
1200 2499 1285 2563 be
1335 2505 1658 2563 castaneo
1705 2518 1829 2562 sue
1873 2496 1993 2562 ber
2036 2497 2176 2561 mid
2214 2496 2439 2564 riahte

336 2605 413 2663 to
464 2597 616 2661 bem
664 2599 869 2662 lande
933 2595 1187 2680 limpab
1232 2617 1514 2680 unamq:
1561 2598 1730 2661 salis
1772 2590 2186 2680 coq³nariam
2235 2597 2365 2662 hoc
2405 2620 2439 2666 1·

340 2715 416 2761 .1.
458 2697 963 2762 sealternsteall
1001 2720 1046 2788 7
1078 2697 1196 2761 ber
1245 2705 1404 2761 cota
1439 2705 1512 2762 to
1548 2698 1621 2761 in
1668 2697 1792 2759 illa
1834 2697 1988 2761 loco
2041 2698 2159 2761 ubi
2216 2699 2436 2762 nomi-

335 2805 552 2862 natur
582 2797 873 2862 herewic
906 2805 976 2861 et
1012 2845 1027 2860 .
1051 2814 1164 2860 1111
1195 2845 1209 2861 .
1257 2798 1470 2861 carris
1512 2797 2102 2860 transductionem
2144 2797 2216 2859 in
2260 2797 2439 2862 silba

336 2898 526 2978 regis
584 2916 712 2960 sex
767 2897 1181 2961 ebdomades
1239 2915 1283 2960 a
1340 2897 1449 2960 die
1506 2903 1954 2979 pentecosten
2011 2894 2179 2957 hubi
2238 2895 2438 2959 alteri

338 2995 653 3060 homines
698 2997 945 3060 silbam
986 2997 1240 3059 cedunt
1282 2996 1413 3059 hoc
1466 3001 1576 3058 est
1616 2996 1689 3058 in
1732 2994 1917 3074 regis
1963 2995 2440 3058 communione

338 3095 469 3158 hec
501 3089 569 3158 εἴ
600 3115 860 3178 pascua
897 3116 1260 3178 porcorum
1307 3115 1441 3178 que
1485 3101 1726 3159 nostra
1768 3095 2010 3175 lingua
2059 3093 2442 3159 saxhonica

338 3195 645 3258 denbera
675 3197 1108 3260 nominamus
1151 3196 1281 3259 hoc
1324 3206 1358 3251 ἐ·
1400 3194 1710 3259 husneah
1755 3192 2238 3273 efrebingdenn
2283 3193 2440 3257 her-

336 3294 777 3376 bedingdenu
802 3294 1232 3376 wafingdenn
1260 3294 1760 3374 widefingdenn
1790 3292 2285 3372 bleccingdenn
2314 3314 2442 3358 nec

340 3415 482 3460 non
519 3443 534 3459 .
561 3412 673 3459 xx
706 3442 722 3460 .
758 3402 1022 3460 statera
1059 3395 1244 3459 casei
1296 3393 1377 3457 os
1414 3413 1674 3457 mersce
1719 3393 1807 3456 ad
1852 3391 2240 3457 mersaham
2286 3394 2440 3457 red-

340 3494 552 3559 datur
596 3502 667 3559 et
712 3512 812 3558 XL
866 3514 1084 3576 agnos
1139 3501 1208 3558 et
1263 3511 1362 3557 XL
1416 3493 1680 3557 uellera
1738 3493 1970 3556 ouium
2021 3497 2093 3556 et
2149 3492 2442 3557 duorum

342 3593 611 3656 dierum
653 3594 938 3658 resectio
968 3593 999 3657 l
1032 3609 1226 3658 xxx.
1277 3593 1625 3674 argenteis
1666 3592 1796 3655 hoc
1830 3603 1864 3648 ὕ
1893 3593 2224 3655 semicum
2265 3592 2445 3676 libra

343 3692 723 3756 redimatur
748 3693 854 3756 hsi
887 3695 1042 3776 quis
1074 3696 1147 3757 u⁰
1176 3693 1501 3757 heredum
1547 3708 2162 3774 successorumque
2205 3695 2443 3757 meori‘i

343 3813 587 3874 regum
645 3793 1031 3875 principum
1074 3794 1326 3856 ducum
1375 3793 1788 3876 optimatum
1838 3792 1987 3856 siue
2036 3800 2443 3857 exactorum

341 3891 522 3955 hanc
576 3912 801 3956 meam
855 3892 1295 3957 donationem
1344 3912 1622 3957 seruare
1665 3892 1966 3956 uoluerit
2011 3899 2332 3956 seruetur
2380 3894 2443 3956 ei

345 3990 641 4074 desuper
684 3991 1068 4055 benedictio
1112 3993 1530 4074 sempiterna
1572 3992 1681 4055 hsi
1722 3989 1771 4053 l?
1811 3993 1994 4056 absit
2034 4008 2092 4071 q,
2132 4011 2271 4054 non
2317 4011 2440 4071 op-

347 4098 576 4154 tamus
639 4092 934 4155 alicuius
997 4092 1308 4174 personis
1383 4093 1590 4156 homo
1652 4091 1994 4155 diabolica
2057 4088 2444 4153 temeritate

345 4190 718 4274 instigatus
752 4192 1131 4255 surrexerit
1184 4183 1246 4273 q¹
1278 4190 1453 4255 hanc
1498 4211 1722 4281 meam
1773 4189 2143 4270 donatione
2173 4184 2204 4245 i
2234 4182 2443 4254 liuer-
