3044 5019
609 404 742 469 194
1124 420 1469 469 ouAR'rAE
1516 420 2199 471 ANGmSAonmAE.

615 598 785 643 uero
838 579 1293 644 constitutum
1349 577 1481 642 suit
1519 586 1591 642 et
1631 580 2108 645 confirmatum
2159 581 2232 643 in
2284 580 2500 663 regali
2554 581 2729 644 uilla

622 698 801 763 quae
863 679 1160 762 Anglice
1224 678 1657 760 Kingestone
1733 688 2043 758 uocatur,
2094 701 2278 745 anno
2341 681 2728 745 dominicae

621 780 1119 845 incarnationis
1163 796 1773 844 .D.cccc.XXX.111.
1819 781 2192 846 indictione
2241 789 2446 846 sexta
2479 828 2496 845 .
2535 798 2728 846 xvn.

624 878 940 943 kalendis
988 879 1321 957 Ianuarii,
1370 900 1525 943 cum
1560 900 1797 944 eorum
1837 882 2232 947 testimonio
2276 900 2569 964 quorum
2602 902 2729 946 no-

624 980 813 1045 mina
841 979 1023 1045 infra
1048 981 1440 1063 conscripta
1467 980 1812 1045 uidentur.

727 1081 881 1161 Ego
913 1081 1354 1167 AEPelstanus
1387 1099 1513 1143 rex
1539 1081 1753 1145 totius
1786 1080 2212 1158 Britanniae,
2244 1081 2354 1145 dei
2383 1083 2619 1162 gratia
2661 1082 2735 1145 in

623 1182 821 1263 regni
852 1181 1027 1245 solio
1058 1180 1492 1257 sublimatuS,
1521 1181 1723 1262 signo
1749 1188 2033 1245 sanctae
2062 1181 2285 1245 crucis
2314 1183 2392 1263 ›1‹
2424 1182 2556 1246 hoc
2580 1202 2733 1247 cor-

625 1282 950 1346 roboraui
982 1288 1055 1347 et
1094 1281 1519 1345 confirmaui.
1625 1281 1780 1363 Ego
1815 1281 2092 1345 Howael
2121 1281 2533 1362 subregulus
2564 1284 2732 1346 sub-

625 1382 960 1463 scripsiffl
977 1427 994 1445 .
1081 1381 1235 1462 Ego
1254 1380 1613 1446 Wulfstan
1640 1381 2194 1465 archiepiscopus
2228 1382 2703 1465 subscripsiffl
2718 1430 2733 1446 .

627 1480 781 1562 Ego
815 1480 1104 1546 AElured
1134 1482 1498 1566 episcopus
1531 1481 1998 1564 subscripsiffl
2014 1529 2030 1547 .
2138 1482 2291 1564 Ego
2323 1482 2526 1547 Odda
2570 1483 2736 1546 sub-

625 1579 960 1664 scripsi&
978 1627 994 1645 .

1451 1878 1932 1948 cchXIV.

1012 1995 1709 2106 AETHELSTRN,
1757 2028 1930 2112 May
1960 2026 2149 2105 2sth,
2188 2025 2340 2092 934.

742 2178 820 2258 ›1‹
852 2177 1214 2242 FoR'rUNA
1255 2177 1560 2242 fallentis
1605 2177 1843 2241 soeculi
1881 2197 2144 2260 procax
2187 2197 2329 2241 non
2370 2175 2737 2245 lacteoin-

631 2278 1188 2344 marciscibilium
1238 2278 1541 2342 liliorum
1594 2277 1890 2341 candore
1942 2278 2258 2342 amabilis
2291 2326 2308 2342 .
2340 2278 2462 2342 sed
2513 2278 2740 2344 fellita

626 2377 1038 2442 heiulandae
1083 2378 1546 2460 corruptionis
1591 2377 2048 2442 amaritudine
2089 2378 2364 2442 odibilis
2407 2378 2736 2445 foetentis

627 2478 807 2542 filios
836 2478 1020 2543 ualle
1051 2478 1124 2542 in
1149 2478 1587 2542 lacrimarum
1618 2479 1847 2547 carnis
1877 2527 1892 2543 .
1926 2478 2212 2545 rictibus
2246 2478 2734 2546 debacchando

627 2580 992 2651 uenenosis
1043 2579 1455 2643 mordaciter
1514 2577 1849 2643 dilacerat
1896 2627 1911 2643 .
1964 2600 2121 2663 quae
2176 2580 2496 2662 quamuis
2562 2583 2734 2645 arri-

629 2678 855 2742 dendo
900 2680 993 2743 sit
1033 2680 1417 2744 infelicibus
1457 2679 1932 2757 adtractabilis
1981 2680 2400 2744 acherontici
2451 2679 2541 2744 ad
2592 2682 2734 2746 ima

632 2779 838 2844 cociti
885 2779 957 2843 ni
1000 2788 1194 2844 satus
1240 2780 1365 2843 alti
1397 2780 1767 2844 subueniat
1797 2780 2071 2843 boantis
2106 2827 2122 2842 .
2151 2779 2589 2863 impudenter
2627 2788 2737 2847 est

631 2880 1061 2944 decurribilis
1095 2927 1111 2945 .
1146 2888 1217 2944 et
1263 2880 1419 2944 ideo
1467 2879 1632 2962 quia
1673 2880 1828 2963 ipsa
1870 2880 2153 2944 ruinosa
2198 2880 2578 2944 deficiendo
2628 2889 2738 2946 ta-

628 2982 787 3045 liter
815 2980 1144 3045 dilabitur
1180 3028 1195 3044 .
1230 3000 1664 3062 summopere
1688 2980 2154 3044 festinandum
2182 2987 2289 3044 est
2322 2981 2408 3043 ad
2439 3000 2735 3047 amoena

625 3080 994 3145 indicibilis
1035 3080 1299 3145 laetitiae
1346 3100 1519 3144 arua
1555 3128 1570 3143 .
1604 3081 1720 3145 ubi
1764 3080 2081 3161 angelica
2138 3080 2501 3163 ymnidicae
2548 3082 2727 3146 iubi-

631 3179 912 3244 lationis
976 3200 1244 3263 organa
1295 3227 1312 3245 .
1362 3180 1829 3263 mellifluaque
1903 3180 2341 3244 uernantium
2414 3201 2731 3246 rosarum

632 3280 1037 3345 odoramina
1071 3327 1087 3345 .
1123 3300 1167 3344 a
1197 3281 1396 3344 bonis
1441 3281 1801 3363 beatisque
1854 3281 2135 3344 naribus
2182 3281 2736 3347 inestimabiliter

631 3380 863 3445 dulcia
912 3380 1276 3464 capiuntur
1314 3430 1329 3445 .
1371 3381 1656 3463 sineque
1701 3381 1890 3445 calce
1938 3382 2219 3445 auribus
2272 3381 2732 3465 cliuipparum

632 3482 882 3546 suauia
911 3478 1287 3545 audiuntur
1318 3529 1333 3544 .
1357 3481 1553 3544 cuius
1578 3494 1824 3554 'amore
1855 3480 2208 3544 felicitatis
2234 3480 2506 3547 illectus
2534 3482 2734 3547 fasti-

633 3582 832 3645 diunt
867 3630 882 3646 .
915 3581 1056 3646 iam
1096 3581 1336 3644 infima
1364 3581 1770 3645 dulcescunt
1810 3600 2113 3663 superna
2150 3582 2386 3663 eisque
2410 3600 2544 3662 pro
2576 3603 2735 3665 per-

635 3682 970 3764 cipiendis
1023 3700 1430 3764 semperque
1490 3680 1720 3763 specie
1770 3680 2184 3745 indefectiua
2228 3680 2557 3746 ·fruendis
2605 3703 2740 3765 ego

637 3780 966 3847 aesselstan
1042 3802 1164 3847 rex
1233 3780 1489 3864 anglozg
1544 3803 1589 3868 p
1643 3781 2173 3865 omnipatrantis
2259 3781 2545 3846 dextera
2607 3785 2740 3849 tot'i

632 3883 996 3947 britanniae
1045 3884 1242 3964 regni
1292 3882 1466 3947 solio
1516 3875 1842 3945 sublima?
1886 3880 2161 3965 quanda
2196 3881 2465 3946 telluris
2517 3884 2738 3965 parti-

634 3983 787 4047 cula
829 4003 980 4047 meo
1025 3983 1211 4047 fideli
1255 3982 1572 4046 ministro
1625 3981 1967 4045 aelfwaldo
2005 4030 2022 4046 .
2055 3980 2126 4045 id
2163 4029 2178 4045 .
2202 3984 2239 4045 ἔ
2266 4029 2282 4044 .
2323 3998 2462 4046 xil.
2497 4003 2735 4053 cassa-

631 4085 789 4149 torii
840 4082 1028 4147 eccie
1085 4080 1207 4170 xiii
1260 4082 1614 4147 cantuarie
1677 4082 1982 4146 ciuitatis
2044 4082 2408 4146 subiacens
2453 4083 2528 4147 in
2578 4084 2733 4149 loco

629 4204 833 4267 quem
865 4184 1167 4248 solicolae
1206 4231 1221 4247 .
1252 4191 1345 4247 aet
1375 4183 1756 4247 derantune
1790 4229 1806 4247 .
1837 4181 2152 4248 uocitant
2177 4182 2406 4247 tribuo
2435 4231 2455 4250 .
2488 4181 2592 4249 Ut
2618 4186 2734 4249 ille
