3044 5019
811 396 1156 446 CHARTAB
1199 397 1888 450 Anonosxxomcxn.
2309 386 2398 451 35

1118 650 1544 717 CCLXIII.

585 794 1262 865 AETHELUULF
1311 797 1441 862 OF
1485 796 1925 875 WESSEX‚
1951 770 2122 862 850.

410 942 483 1021 *1⁴
516 941 922 1009 REGNANTE
984 945 1489 1029 imperpetuum
1548 944 1825 1008 domino
1886 950 2127 1008 nostro
2179 944 2389 1011 Ihesu

212 1081 220 1088 -
315 1036 593 1119 Christe,
637 1064 792 1109 cum
837 1045 1033 1109 cuius
1077 1045 1363 1128 imperio
1406 1044 1519 1108 hic
1576 1044 1872 1107 labentis
1924 1044 2183 1107 saeculi
2228 1065 2389 1126 pro-

310 1142 581 1220 speritas
628 1143 702 1205 in
758 1143 1069 1207 aduersis
1120 1145 1551 1208 successibus
1608 1142 1847 1209 sedulo
1901 1144 2268 1224 permixta,
2319 1151 2390 1207 et

309 1241 698 1305 conturbata
734 1243 1062 1319 cernitur,
1090 1251 1161 1307 et
1186 1244 1417 1308 omnia
1454 1243 1758 1306 uisibilia
1786 1249 1997 1323 atque
2042 1241 2387 1306 desidera-

308 1337 456 1402 bilia
501 1349 909 1406 ornamenta
946 1343 1149 1407 huius
1193 1343 1431 1406 mundi
1477 1341 1730 1406 cotidie
1775 1342 1863 1404 ab
1907 1341 2078 1423 ipsis
2124 1348 2388 1407 amato·-

308 1436 477 1501 ribus
523 1443 925 1505 transeunt!
981 1442 1136 1506 ideo
1181 1442 1368 1505 beati
1405 1443 1660 1525 quique
1705 1459 1789 1504 ac
1838 1441 2186 1523 sapientes
2230 1460 2387 1509 cum

306 1533 422 1599 hiis
475 1538 790 1621 fugitiuis
836 1541 1095 1605 saeculi
1140 1541 1401 1605 diuitiis
1467 1548 1753 1605 aeterna
1809 1547 1881 1604 et
1929 1541 2186 1621 iugiter
2228 1560 2386 1622 per-

305 1653 608 1703 mansura
658 1640 918 1722 gaudia
961 1641 1280 1704 coelestis
1335 1641 1605 1722 patriae
1650 1640 1939 1721 adipisci
1988 1648 2383 1722 properant.

307 1732 751 1813 Quamobrem
793 1759 924 1821 ego
972 1737 1386 1803 Aetheluulf
1429 1738 1977 1804 Occidentalium
2029 1738 2387 1807 Saxonum

305 1852 437 1913 rex,
465 1857 616 1903 cum
648 1857 995 1905 consensu
1023 1838 1503 1922 episcoporum
1532 1857 1616 1902 ac
1644 1837 2031 1920 principum
2054 1857 2385 1916 meorum,

303 1934 490 1997 etiam
514 1957 639 2019 pro
668 1937 971 2001 remedio
1003 1938 1275 2003 animae
1302 1957 1497 2003 meae
1522 1945 1595 2001 et
1623 1957 1749 2019 pro
1789 1937 2184 2019 expiatione
2213 1937 2385 2001 faci-

303 2051 528 2101 norum
578 2056 913 2115 meorum,
959 2036 1261 2120 aliquam
1331 2043 1601 2119 partem
1658 2036 1827 2099 iuris
1883 2036 2042 2112 mei,
2086 2036 2217 2100 hoc
2277 2044 2386 2107 est

301 2129 515 2201 decem
568 2137 987 2214 mansioneS,
1044 2136 1481 2201 uenerandae
1530 2135 1997 2203 Maldubiensi
2059 2135 2383 2213 familiae,

301 2239 522 2298 sancto
549 2234 766 2301 Petro
796 2229 1187 2303 ueneranti¹
1221 2237 1720 2319 imperpetuam
1751 2233 2254 2317 possessionem
2278 2235 2383 2298 illi

299 2333 648 2400 aecclesiae
677 2335 974 2417 largitus
1001 2354 1177 2412 sum,
1209 2335 1284 2399 in
1316 2336 1470 2399 loco
1506 2335 1628 2417 qui
1654 2335 1905 2401 dicitur
1934 2327 2379 2401 DometesiS.²

301 2427 384 2493 Et
426 2434 542 2515 qui
601 2434 786 2498 hanc
836 2454 1060 2501 meam
1103 2435 1543 2505 donationem
1589 2433 2009 2517 amplificare
2055 2433 2378 2511 uoluerit,

298 2533 647 2613 amplificet
676 2536 851 2599 deus
881 2535 984 2604 illi
1019 2536 1238 2600 uitam
1265 2542 1636 2600 aeternam.
1745 2534 1839 2597 Et
1867 2533 1989 2616 qui
2033 2535 2381 2611 minuerit,

295 2628 782 2716 imperpetuum
852 2634 1283 2717 dampnetur.
1433 2632 1641 2702 Anno
1714 2633 1975 2700 domini
2048 2632 2146 2697 hii
2217 2641 2381 2707 sunt

296 2743 569 2797 D.ccc.1..
602 2734 811 2798 huius
842 2735 1093 2816 operis.
1862 2737 1868 2743 '

392 2833 465 2912 ›1‹
498 2833 592 2897 Et
639 2853 775 2915 ego
822 2831 1235 2898 Aetheluulf
1266 2852 1393 2899 rex
1437 2832 1618 2896 hanc
1669 2851 1891 2895 meam
1939 2830 2379 2902 donationem

291 2926 475 3009 signo
497 2941 782 2998 sanctae
810 2933 1030 3000 crucis
1056 2931 1459 2998 confirmaui
1484 2939 1556 2998 et
1581 2929 2043 3002 corroboraui.
2125 2931 2204 3011 ›1‹
2227 2929 2380 3011 Ego

292 3026 660 3097 Ceolnossus
701 3032 1259 3115 archiepiscopus
1302 3030 1623 3100 consensi
1667 3037 1738 3098 et
1782 3027 2173 3110 subscripsi.
2290 3032 2368 3111 ›1‹

291 3125 429 3209 Ego
457 3129 848 3197 Alhstanus
880 3132 1242 3215 episcopus
1278 3130 1677 3214 subscripsi.
1754 3132 1833 3212 ›1‹
1861 3128 2377 3216 Tuddanprin-

288 3244 451 3308 ceps.
532 3234 610 3313 ›1‹
646 3231 903 3295 Uullas
921 3232 1158 3296 abbas,
1232 3229 1702 3312 ›14Ae5elbald
1731 3229 1899 3298 dux.
1965 3231 2046 3308 »Β
2075 3228 2389 3304 Eanuulf

289 3324 441 3391 dux.
553 3333 632 3413 ›1‹
670 3331 978 3395 Eallrinc
1007 3331 1167 3394 dux.
1285 3332 1363 3411 ›1‹
1394 3327 1716 3395 Aelfstan
1744 3329 2079 3394 minister.

1116 3613 1527 3679 CCLXIV.

877 3759 1583 3839 AETHELUULF,
1630 3760 1783 3825 850.

381 3908 457 3990 ›1‹
491 3907 907 3972 REGNANTB
967 3910 1041 3971 in
1096 3916 1503 3991 perpetuum
1550 3910 1826 3973 domino
1870 3917 2108 3973 nostro
2167 3908 2376 3973 Ihesu

284 4005 549 4073 Christo
582 4009 598 4073 !
655 4006 810 4092 Ego
837 4004 1251 4078 Aetheluulf
1273 4027 1399 4071 rex
1423 4007 1976 4084 Occidentalium
1997 4009 2376 4079 Saxonum,

781 4154 800 4194 ²
822 4158 907 4207 Sic
932 4159 1045 4210 MS.
1536 4155 1558 4194 ²
1579 4159 1945 4218 Domecesige?
2075 4177 2079 4181 Α
2105 4225 2136 4267 2

2050 4235 2081 4267 n
