3044 5019
874 453 1218 502 CHARTAE
1263 451 1949 500 AnemsAxochss.
2335 433 2467 497 313

352 617 508 698 Ego
547 615 803 679 Daniel
837 615 1205 697 episcopus
1239 610 1618 693 subscripsi
1641 610 1718 690 ›1‹
1736 657 1752 673 .
1792 607 2152 692 AEpelstan
2185 606 2326 669 dux
2353 609 2432 688 ›1‹
2450 655 2465 670 .

355 716 706 801 AEpelsige
737 715 881 778 dux
905 716 1016 796 ᾧ.
1067 711 1431 777 Eadmund
1465 710 1613 773 dux
1636 711 1746 791 ᾧ.
1796 707 2155 793 AEpelstan
2184 706 2330 769 dux
2354 709 2466 788 ᾧ.

356 816 680 879 AElfhere
728 817 873 879 dux
924 815 1031 895 ᾧ.
1152 812 1451 893 AElfsige
1503 810 1816 873 minister
1873 810 1983 890 ᾧ.
2096 807 2474 892 AEpelmaer

354 917 672 979 minister
706 916 783 998 ›1‹
801 963 816 978 .
925 911 1338 1000 AEpelgeard
1386 910 1702 974 minister
1732 910 1809 990 ›1‹
1827 956 1842 971 .
1936 908 2287 993 AEpelsige
2345 907 2474 971 mi-

358 1015 580 1079 nister
698 1062 713 1079 .

463 1116 541 1180 Si
596 1016 752 1197 {buis
817 1115 1034 1195 igitur
1077 1112 1208 1176 hoc
1265 1111 1519 1174 donum
1571 1107 2026 1173 custodiendo
2073 1107 2470 1184 muniuerit,

360 1217 716 1281 trabeatus
760 1202 1073 1278 inueniat
1121 1210 1371 1276 stolam
1418 1207 1988 1285 immortalitatis,
2019 1227 2261 1290 rapere
2307 1227 2473 1270 uero

360 1315 762 1379 machinans
809 1313 1304 1396 praecipitetur
1351 1312 1424 1376 in
1477 1308 1705 1374 Cociti
1756 1307 2035 1392 palude,
2092 1308 2224 1372 nisi
2280 1308 2470 1389 prius

361 1416 727 1480 emendare
753 1412 1113 1496 satagerit.

1313 1590 1551 1600 ——.-

1194 1705 1658 1772 CCCCXLI.

1112 1827 1557 1935 ERDWIG,
1602 1855 1756 1920 956.

484 2010 561 2090 ›1‹
593 2005 807 2071 ANNo
856 2005 1243 2071 dominicae
1292 2007 1791 2070 incarnationis
1833 2023 2225 2070 Dccccmvl.
2261 2006 2479 2070 indic-

369 2107 559 2172 tione
596 2125 792 2171 x1111.
899 2107 1053 2188 Ego
1090 2106 1434 2189 Eaduuig,
1472 2108 1709 2171 diuina
1753 2106 2218 2172 allubescente
2254 2108 2483 2190 gratia

373 2227 500 2271 rex
534 2216 604 2272 et
637 2207 1066 2289 primicerius
1113 2205 1458 2285 Albionis,
1490 2228 1656 2271 mox
1696 2215 1776 2271 ut
1814 2228 1924 2270 me
1964 2207 2281 2271 dominus
2325 2228 2481 2271 coe-

373 2307 570 2389 lestis
628 2307 702 2369 in
756 2308 1063 2388 regimen
1127 2308 1638 2372 subtronizauit
1689 2314 2037 2384 terrestre,
2090 2307 2268 2369 ruris
2323 2326 2485 2389 par-

374 2406 659 2471 ticulam
720 2407 1092 2488 quandam,
1159 2408 1422 2472 nicenis
1499 2409 1587 2470 ab
1659 2408 1913 2471 accolis
1988 2406 2485 2471 mansiunculis

378 2507 839 2585 aestimatam,
884 2507 1162 2571 domino
1221 2506 1431 2572 Ihesu
1484 2507 1776 2573 Christo.
1811 2508 2097 2591 eiusque
2152 2507 2486 2589 genetrici

377 2609 624 2672 beatae
673 2607 944 2671 Mariae
977 2626 1247 2690 semper
1284 2609 1565 2690 uirgini,
1621 2608 1962 2691 simulque
2005 2610 2211 2673 beato
2259 2608 2484 2671 Bene-

384 2707 570 2771 dicto
594 2707 1145 2790 praeclarissimo
1162 2708 1656 2772 monachorum
1692 2717 2012 2791 patrono,
2032 2709 2317 2791 eiusque
2346 2729 2489 2772 ser-

380 2808 546 2871 uulo
592 2808 829 2871 abbati
858 2805 1342 2885 AEoeluualdm
1384 2809 1470 2872 ad
1504 2810 1999 2872 monasterium
2032 2808 2216 2890 quod
2262 2815 2369 2871 est
2413 2809 2483 2870 in

382 2906 842 2985 Abbandune,
862 2928 1082 2990 prona
1115 2908 1483 2972 admodum
1507 2908 1872 2972 deuotione
1900 2907 2203 2971 concedo
2230 2928 2247 2987 ;
2284 2927 2485 2989 prae-

383 3008 643 3090 cipiens
671 3008 742 3070 in
774 3008 1048 3072 nomine
1079 3009 1338 3072 domini
1384 3008 1604 3072 nostri
1639 3007 1853 3071 Ihesu
1884 3006 2170 3085 Christi,
2214 3014 2293 3070 ut
2326 3027 2485 3072 nos-

386 3115 648 3171 trorum
698 3128 899 3172 nemo
943 3127 1442 3185 successorum,
1479 3108 1809 3194 quamdiu
1860 3107 2330 3172 christianitas
2383 3108 2490 3170 ui-

386 3213 572 3289 geat,
629 3205 761 3271 hoc
820 3215 1131 3271 nostrum
1185 3209 1535 3272 decretum
1580 3208 1845 3273 uiolare
1900 3209 2176 3273 audeat.
2282 3207 2490 3286 Quod

385 3308 446 3371 si
473 3307 788 3389 quisque,
823 3309 1007 3389 quod
1035 3328 1174 3373 non
1211 3315 1557 3390 optamuS,
1591 3309 1931 3390 cupidinis
1966 3310 2185 3373 liuore
2218 3309 2490 3391 percul-

389 3426 533 3483 sus,
564 3406 850 3471 huiusce
895 3408 1333 3491 priuilegium
1370 3408 1762 3473 donationis
1789 3409 2164 3490 infringere
2194 3416 2490 3490 tempta-

386 3507 588 3583 uerit,
624 3526 699 3571 se
742 3508 815 3570 in
853 3515 1188 3591 perpetuo
1230 3508 1576 3589 sacrilegii
1620 3528 1814 3573 reum
1849 3516 2140 3587 noscat3
2189 3508 2261 3570 ni
2301 3508 2491 3589 prius

387 3607 461 3669 in
504 3605 637 3670 hoc
679 3609 954 3680 saeculo
998 3608 1129 3672 hoc
1182 3628 1458 3673 enorme
1507 3609 1733 3672 scelus
1785 3608 1996 3690 digna
2048 3607 2494 3692 poenitudine

388 3706 774 3784 deterserit,
809 3715 940 3773 etc.
1046 3709 1282 3773 Huius
1326 3708 1490 3772 doni
1527 3715 1741 3772 testes
1776 3710 2163 3773 extiterunt
2202 3728 2491 3791 quorum

387 3806 670 3871 inferius
703 3809 982 3872 nomina
1011 3809 1345 3874 adnotata
1376 3808 1716 3873 uidentur.

503 3908 580 3988 ›1‹
610 3906 764 3988 Ego
823 3908 1115 3991 Eadwig
1163 3911 1379 3973 totius
1421 3906 1740 3978 Albionis
1787 3928 1912 3972 rex
1958 3916 2030 3972 et
2068 3908 2495 3990 primicerius

390 4006 522 4070 hoc
567 4007 822 4071 donum
866 4009 1066 4091 agiae
1110 4010 1331 4073 crucis
1367 4016 1675 4072 taumate
1731 4009 2117 4090 tripudians
2172 4009 2496 4072 corrobo-

393 4106 564 4169 raui.
679 4109 758 4188 ᾧ
794 4108 946 4191 Ego
1003 4109 1282 4192 Eadgar
1342 4108 1507 4171 clito
1565 4109 1866 4172 eiusdem
1925 4109 2107 4191 regis
2159 4107 2494 4189 adelphus

393 4205 685 4284 deuotus
760 4210 1045 4288 assensi.
1179 4211 1256 4293 ›1‹
1287 4209 1440 4291 Ego
1514 4208 1670 4272 Oda
1746 4209 2301 4292 archiepiscopus
2368 4209 2497 4273 hoc
