3044 5019
871 373 1216 421 cHAR'rAE
1262 371 1944 423 ANcLoSAonchE.
2378 360 2460 422 11

1158 643 1658 708 CCXLVIII.
1693 713 1700 723 ,

586 853 591 857 ·
713 837 758 882 *
801 832 1446 910 BERHTUULF,
1492 834 1664 898 Dec.
1698 834 1887 912 25th‚
1918 835 2073 899 841.

467 1026 546 1106 ›1‹
580 1021 771 1087 Amo
820 1031 893 1087 et
941 1023 1085 1086 alto
1143 1022 1420 1087 domino
1465 1022 1594 1087 deo
1644 1024 1963 1090 Zabaoth
2011 1033 2345 1107 regnante
2390 1027 2462 1090 in

349 1143 631 1187 aeuum.
733 1123 1086 1204 Siquidem
1123 1122 1408 1186 humani
1449 1123 1723 1203 generis
1754 1124 2080 1206 prosapia
2123 1124 2208 1188 de
2241 1126 2464 1206 primo

355 1230 556 1306 patre
587 1229 660 1285 et
684 1229 906 1285 matre
954 1222 1282 1293 oriundus
1328 1222 1401 1287 111
1448 1222 1580 1285 hoc
1623 1223 1974 1287 saeculum
2022 1224 2237 1300 uenit,
2265 1231 2338 1287 et
2365 1224 2466 1288 sic

357 1342 487 1405 per
527 1322 742 1402 longa
790 1340 975 1402 uaga
1019 1329 1404 1402 temporum
1449 1321 1681 1402 spatia
1732 1322 2024 1385 diuersis
2070 1322 2465 1387 nationibus

359 1422 796 1497 dirimuntur,
829 1427 909 1483 ut
937 1421 1194 1484 ianitor
1208 1420 1526 1485 coelestis
1552 1420 2007 1487 bibliothecae
2037 1430 2107 1486 et
2132 1442 2258 1486 uas
2287 1424 2467 1487 elec-

286 1516 289 1519 ’
360 1520 596 1596 tioniS,
644 1519 1077 1601 praedicator
1133 1519 1474 1600 egregius,
1526 1521 1882 1601 apostolus
1941 1520 2208 1587 Paulus
2262 1522 2467 1601 dixit,

362 1619 720 1702 praeteriit
770 1620 951 1683 enim
1014 1619 1237 1700 figura
1284 1618 1488 1682 huius
1556 1620 1816 1697 mundi,
1876 1621 2219 1702 quomodo
2276 1622 2468 1686 uelo·-

358 1720 576 1784 citate
605 1718 752 1781 dies
783 1725 855 1782 et
882 1719 1044 1782 anni
1069 1717 1434 1782 deficiunt:
1482 1724 1554 1780 et
1585 1718 1834 1785 iterum
1881 1739 2103 1802 sagax
2131 1721 2468 1803 sophista,

361 1820 481 1900 qui
512 1818 859 1901 quondam
905 1817 1203 1900 Solymis
1235 1818 1429 1881 diues
1458 1820 1778 1899 regnauit
1804 1819 1881 1882 in
1920 1820 2131 1896 aruis,
2159 1818 2468 1885 katalec-

359 1919 499 1983 tico
530 1942 537 1953 ·
573 1936 781 1981 uersu
854 1917 1104 1981 cecinit
1164 1918 1424 1994 dicens,
1486 1916 1652 1982 Non
1721 1937 1991 2000 semper
2059 1918 2222 1983 licet
2292 1939 2467 2002 gau-

360 2018 523 2082 dere
545 2036 567 2080 ε
613 2017 830 2098 Fugit
871 2017 1043 2081 hora
1084 2036 1224 2099 qua
1265 2016 1591 2081 iacemur.
1694 2017 1789 2083 Et
1830 2018 1985 2082 ideo
2024 2027 2189 2083 sunt
2230 2038 2468 2084 omnes

363 2125 645 2182 nostrae
711 2117 922 2180 series
987 2115 1341 2180 literarum
1412 2115 1721 2198 apicibus
1783 2117 2312 2196 confirmandae,
2380 2139 2469 2185 ne

360 2216 661 2300 posteris
735 2236 824 2279 ex
891 2216 1218 2280 memoria
1289 2216 1521 2280 labere
1596 2216 1818 2298 possit
1863 2218 2210 2300 &quicquid
2280 2217 2468 2282 facta

360 2315 918 2398 praecedentium
972 2322 1249 2397 patrum
1300 2333 1382 2377 ac
1443 2334 1685 2396 regum
1705 2376 1710 2381 ,
1730 2316 2013 2381 firmiter
2055 2324 2471 2383 statuerunt.

369 2415 532 2493 Qua
596 2415 682 2477 de
749 2434 846 2492 re,
905 2434 1036 2495 ego
1095 2412 1484 2490 Berhtuulf,
1543 2414 1819 2481 domino
1879 2415 2285 2498 disponente
2342 2435 2471 2482 rex

364 2514 811 2591 Merciorum‚
882 2514 1051 2577 mihi
1116 2522 1188 2578 et
1252 2515 1571 2578 omnibus
1643 2516 1925 2580 Merciis
1984 2517 2059 2580 in
2120 2524 2472 2581 aeternam

366 2615 836 2690 elemosinam,
913 2614 1180 2677 donans
1255 2614 1527 2677 donabo
1600 2614 2028 2684 Eanmundo,
2096 2618 2474 2681 uenerabili

368 2714 607 2778 abbati
670 2720 742 2777 et
796 2714 942 2777 eius
1004 2712 1302 2776 familiae
1363 2734 1453 2777 on
1513 2714 1906 2792 Breodune,
1975 2734 2132 2781 cum
2191 2717 2473 2780 licentia

365 2821 435 2877 et
505 2811 902 2877 testimonio
973 2813 1381 2876 obtimatum
1459 2814 1688 2894 gentis
1769 2813 2211 2890 Merciorum‚
2294 2815 2471 2879 hanc

365 2912 711 2976 libertatis
778 2913 1099 2993 gratiam,
1163 2913 1232 2975 id
1295 2920 1426 2989 est,
1501 2918 1583 2976 ut
1638 2912 1731 2978 sit
1791 2912 2155 2996 liberatum
2216 2920 2288 2976 et
2352 2914 2474 2976 ab·

360 3013 674 3076 solutum
696 3012 866 3075 illud
895 3012 1387 3075 monasterium
1430 3012 1506 3074 in
1557 3009 2036 3078 aeternitatem
2061 3011 2323 3079 abillis
2367 3013 2474 3075 in-

367 3111 769 3188 commodiS‚
819 3130 997 3193 quae
1046 3130 1175 3176 nos
1223 3110 1573 3175 Saxonica
1622 3111 1862 3193 lingua
1911 3110 2325 3192 festingmen
2371 3112 2473 3198 di·
2520 3111 2523 3113 ’

366 3212 613 3290 cimus,
670 3209 948 3274 Christo
1005 3210 1282 3274 domino
1341 3217 1519 3273 teste
1575 3217 1645 3275 et
1692 3210 2010 3276 omnibus
2078 3211 2338 3276 sanctis
2398 3213 2470 3276 in

367 3312 580 3375 coelis
628 3316 773 3373 tam
802 3310 920 3373 diu
949 3309 1118 3373 fides
1147 3309 1489 3373 catholica
1532 3317 1603 3373 et
1648 3310 2070 3392 baptismum
2099 3309 2356 3375 Christi
2399 3312 2472 3375 in

368 3408 740 3474 Britannia
783 3416 1118 3473 seruetur.
1226 3408 1335 3471 Ob
1375 3408 1578 3472 huius
1622 3410 1724 3472 rei
1764 3410 2083 3490 gratiam,
2114 3410 2263 3491 ipse
2306 3431 2474 3475 uero

368 3507 808 3591 supradictus
859 3507 1222 3571 Eanmund
1270 3509 1483 3572 abbas
1533 3514 1603 3570 et
1642 3508 1829 3571 illius
1891 3514 2136 3571 sancta
2184 3529 2473 3591 congre·

367 3610 558 3689 gatio
590 3607 1102 3671 Breodunensis
1147 3606 1550 3670 monasterii
1599 3606 1934 3670 dederunt
1975 3608 2164 3685 mihi,
2212 3616 2283 3672 et
2329 3629 2474 3673 om·

367 3709 568 3770 nibus
604 3706 888 3769 Merciis
938 3705 1265 3787 regaliter
1310 3706 1798 3787 perfruendum
1842 3713 1913 3769 et
1960 3707 2472 3788 possidendum,

368 3808 436 3869 in
466 3806 736 3869 famoso
763 3806 919 3868 uico
959 3805 1036 3868 in
1070 3804 1630 3881 Tomeuuorthie,
1673 3824 2004 3885 magnum
2052 3806 2317 3870 discum
2362 3828 2474 3872 ar-

371 3913 695 3987 genteum
721 3904 926 3968 ualde
953 3906 1128 3968 bene
1167 3911 1528 3986 operatum
1572 3923 1652 3968 ac
1696 3903 2058 3969 faleratum
2104 3906 2177 3968 in
2221 3926 2476 3988 magno

372 4006 662 4086 praetio,
694 4009 767 4068 et
797 3995 965 4067 cxc.
988 4022 1356 4066 mancusas
1378 4004 1452 4067 in
1483 4023 1652 4066 auro
1679 4023 1892 4084 puro:
1925 4005 2238 4068 similiter
2265 4006 2476 4068 etiam

367 4104 916 4170 decantauerunt
955 4102 1314 4168 duodecim
1353 4102 1621 4166 uicibus
1676 4120 1738 4166 c·
1770 4103 2123 4186 psalteria,
2170 4110 2241 4164 et
2287 4118 2469 4163 cxx.
