3044 5019
604 411 693 474 30
1126 426 1473 474 culmus
1521 425 2205 475 AncmsAxochu.

1504 604 1843 671 CCLXI.

942 745 1565 812 BERHTUULF
1616 746 1744 811 OF
1792 745 2212 827 MERCIA,
2256 746 2408 813 848.

695 888 774 968 ›1‹
807 887 897 951 ΙΝ
922 888 1194 952 nomine
1226 889 1449 952 almae
1476 896 1548 953 et
1578 907 1803 973 agyae
1835 888 2142 971 sophiae,
2172 889 2292 971 qui
2322 887 2709 952 monarchi-

608 1006 721 1051 am
764 989 1004 1051 mundi
1054 989 1270 1052 totius
1320 1007 1405 1052 ac
1453 989 1932 1053 celsitudinem
1976 989 2322 1053 coelorum
2367 988 2707 1052 abditam-

607 1108 742 1170 que
772 1088 1313 1171 profunditatem
1343 1089 1689 1171 turgentis
1729 1090 1973 1153 oceani
2015 1090 2089 1152 in
2132 1088 2294 1153 altis
2319 1096 2393 1153 et
2416 1087 2490 1151 in
2528 1088 2707 1165 imiS,

605 1190 839 1252 omnia
882 1209 1038 1252 cum
1085 1208 1213 1253 suo
1259 1189 1645 1253 maiestatis
1690 1190 2003 1272 imperio,
2041 1190 2160 1273 qui
2206 1189 2280 1253 in
2332 1187 2707 1271 primordio

604 1288 840 1353 mundi
882 1289 1170 1368 creauit,
1215 1296 1289 1353 et
1334 1308 1518 1353 nunc
1565 1288 1639 1352 in
1682 1310 1932 1354 aeuum
1980 1290 2322 1371 gubernat
2377 1296 2449 1352 et
2499 1288 2705 1369 regit,

605 1407 913 1452 summus
941 1397 1164 1472 pater,
1187 1390 1624 1473 omnipotens
1652 1390 1862 1456 deus!
1954 1389 2195 1454 Status
2228 1389 2432 1453 huius
2464 1388 2704 1451 mundi

601 1490 677 1552 in
699 1490 1071 1554 uelocitate
1096 1488 1388 1567 deficiet,
1419 1497 1490 1555 et
1517 1490 1817 1554 rotunda
1847 1490 2276 1555 saeculorum
2307 1488 2707 1553 uolubilitas

601 1588 921 1668 facesset,
948 1590 1047 1653 sic
1079 1591 1487 1654 alternando
1516 1598 1989 1655 creaturarum
2018 1590 2318 1673 qualitas
2346 1589 2706 1665 decrescit,

600 1689 705 1753 sic
729 1689 1063 1754 mutando
1093 1690 1403 1754 mortalis
1428 1691 1618 1755 uitae
1646 1691 1989 1773 fragilitas
2028 1690 2325 1754 fatescit.
2428 1689 2540 1752 De
2570 1707 2709 1770 qua

599 1790 982 1855 miserrima
1028 1789 1309 1854 humani
1376 1797 1604 1856 status
1663 1791 2137 1855 uicissitudine
2195 1788 2701 1854 Aecclesiastes

601 1890 886 1954 coelesti
930 1889 1208 1954 afflatus
1249 1890 1497 1973 spiritu
1534 1899 2040 1975 competentem
2087 1891 2378 1973 protulit
2428 1896 2707 1953 senten-

599 1990 792 2067 tiam,
840 1990 1193 2072 generatio
1235 1989 1476 2075 inquid
1524 1992 1717 2056 uenit
1746 1999 1815 2055 et
1843 1991 2197 2074 generatio
2240 1990 2458 2053 uadit.
2563 1987 2706 2053 Alii

601 2098 986 2155 nascuntur
1013 2098 1085 2154 et
1115 2091 1233 2154 alii
1278 2091 1688 2156 moriuntur.
1792 2091 1910 2155 Ita
1951 2091 2274 2155 uniuersa
2310 2089 2705 2153 diuitiarum

602 2189 899 2255 facultas
940 2198 1012 2254 et
1053 2192 1453 2273 temporalis
1500 2211 1715 2273 gazae
1759 2191 2102 2282 possessio
2135 2210 2344 2274 quam
2389 2208 2704 2273 praeces-

601 2310 836 2354 sorum
872 2292 1087 2356 anxia
1115 2291 1507 2356 sollicitudo
1553 2312 1677 2375 per
1716 2291 2061 2356 indefessa
2088 2291 2401 2354 laborum
2445 2290 2706 2353 emolu-

601 2399 839 2456 menta
878 2393 1209 2468 lucratur,
1238 2392 1412 2473 proh
1456 2392 1677 2469 dolor,
1708 2392 1989 2456 incertis
2031 2391 2460 2466 haeredibuS,
2490 2390 2704 2453 inter-

601 2492 767 2556 dum
819 2491 1080 2575 optatis
1121 2490 1468 2556 interdum
1513 2493 1771 2571 exosiS,
1817 2491 2251 2575 relinquitur.
2356 2489 2706 2570 Quemad-

601 2593 880 2656 modum
932 2592 1294 2675 psalmista
1336 2592 1770 2675 inprouidam
1816 2593 2098 2658 humani
2140 2592 2413 2674 generis
2472 2609 2705 2655 socor-

601 2692 785 2757 diam
831 2711 1302 2775 conquaerens
1357 2694 1746 2777 increpitet,
1794 2692 2251 2758 Thesaurizat
2306 2699 2378 2755 et
2432 2691 2706 2772 ignorat

600 2794 715 2857 cui
761 2801 1141 2876 congregat
1179 2812 1285 2858 ea.
1391 2794 1564 2859 Ideo
1598 2802 1764 2858 sunt
1801 2813 2039 2858 omnes
2088 2800 2363 2857 nostras
2416 2792 2593 2854 serie
2637 2798 2706 2855 et

599 2894 1198 2960 sermocinationis
1247 2894 1635 2960 litterarum
1684 2895 1993 2977 apicibus
2047 2884 2575 2957 confirmandos¹
2624 2909 2709 2954 ne

600 3012 907 3077 unquam
939 2990 1084 3059 ulla
1112 2995 1457 3059 obliuione
1483 2995 1853 3059 tradantur
1879 2993 2000 3058 sed
2027 3000 2364 3076 perpetua
2383 2991 2711 3055 memoria

598 3102 987 3173 seruentur,
1015 3095 1343 3178 quicquid
1388 3114 1589 3176 reges
1639 3114 1723 3160 ac
1769 3093 2259 3177 praecedentes
2308 3099 2545 3175 patres
2591 3091 2707 3154 fir-

601 3196 806 3259 miter
847 3196 1373 3259 constituerunt.
1479 3194 1643 3274 Qua
1680 3196 1767 3259 de
1813 3215 1887 3259 re
1927 3215 2058 3277 ego
2104 3190 2560 3257 Berhtuulfus
2604 3191 2706 3255 di-

602 3296 768 3359 uino
794 3295 1012 3358 fultus
1057 3294 1385 3376 suffragio
1425 3315 1551 3359 rex
1583 3295 2025 3372 Merciorum,
2053 3314 2209 3357 cum
2255 3311 2595 3356 consensu
2638 3299 2709 3355 et

601 3395 891 3460 consilio
908 3394 1293 3478 principum
1322 3414 1404 3459 ac
1434 3396 1969 3477 magistratuum
2001 3394 2513 3458 Mercianorum
2535 3412 2708 3474 gen-

604 3496 719 3573 tis,
739 3496 1007 3561 donans
1029 3495 1304 3560 donabo
1332 3496 1712 3560 uenerabili
1731 3496 1967 3560 abbati
1988 3492 2449 3559 Aeanmundo
2471 3499 2543 3556 et
2563 3492 2709 3555 eius

601 3596 903 3662 familiae
914 3602 1198 3660 sanctae
1209 3597 1770 3678 congregationis
1783 3596 2059 3660 Breodu
2065 3594 2296 3657 nensis
2313 3593 2712 3657 monasterii

600 3698 807 3761 istam
837 3696 1177 3760 libertatis
1213 3698 1510 3778 gratiam
1538 3696 1724 3760 illius
1742 3695 2143 3761 monasterii
2171 3702 2285 3758 aet
2316 3692 2705 3769 Breodune,

602 3796 771 3860 mihi
801 3804 872 3861 et
892 3797 1207 3861 omnibus
1229 3797 1530 3860 Maercis
1561 3804 1704 3861 tam
1732 3817 1858 3879 pro
1889 3797 2019 3860 deo
2047 3814 2255 3876 quam
2275 3812 2404 3876 pro
2432 3792 2708 3856 saeculo

602 3897 677 3961 in
707 3898 1192 3961 eleemosinam
1233 3897 1747 3979 sempiternam.
1854 3896 1941 3960 Id
1971 3903 2079 3959 est
2104 3902 2185 3958 ut
2213 3895 2306 3958 sit
2342 3893 2709 3956 liberatum

604 4005 676 4063 et
698 3997 1093 4062 absolutum
1111 3997 1279 4062 illud
1305 3998 1799 4062 monasterium
1821 3998 1908 4059 ab
1926 3995 2064 4060 illis
2081 3995 2310 4058 causis
2328 4011 2503 4076 quas
2520 4010 2709 4055 cum-

603 4098 860 4162 seorme
905 4106 976 4162 et
1016 4097 1208 4162 eafor
1244 4096 1630 4162 uocitemus
1656 4117 1673 4161 ε
1743 4103 1885 4160 tam
1915 4116 1959 4159 a
1985 4103 2190 4179 pastu
2226 4093 2708 4175 accipitrorum

602 4218 910 4264 meorum
952 4199 1258 4264 omnium
1291 4218 1500 4281 quam
1545 4198 1754 4262 etiam
1794 4202 2204 4261 uenatorum
2239 4192 2569 4270 omnium,
2600 4190 2711 4255 uel

1533 4346 1548 4377 ¹
1572 4349 1657 4397 Sic
1681 4348 1795 4399 MS.
