3044 5019
907 445 1249 492 anR'rffl
1295 445 1970 493 ANGmSAxomeAss.
2352 426 2479 490 181

375 601 654 665 nudatis
683 620 920 664 eorum
964 601 1535 668 machinamentis
1584 604 1911 667 remissus
1946 609 2054 666 est
2089 601 2358 663 AElfred
2393 600 2481 664 ad

376 702 773 766 Romanam
817 701 1244 780 aecclesiam,
1290 711 1368 767 ut
1401 704 1498 767 ibi
1551 723 1625 767 se
1668 723 1899 767 coram
1942 702 2325 784 apostolico
2364 699 2482 764 Io-

372 802 597 864 hanne
650 800 1093 865 iureiurando
1143 803 1562 868 defenderet.
1664 803 1761 866 Et
1812 803 1983 866 haec
2038 802 2202 864 secit
2250 821 2481 865 coram

374 903 596 965 altare
637 902 862 964 sancti
909 901 1127 979 Petri,
1162 904 1285 966 sed
1318 903 1505 967 facto
1552 904 1939 966 iuramento
1971 902 2218 965 cecidit
2251 922 2484 965 coram

373 1002 597 1065 altare
661 1003 888 1065 sancti
951 1001 1147 1065 Petri
1207 1010 1279 1066 et
1340 1005 1660 1067 manibus
1730 1023 2009 1067 suorum
2068 1002 2483 1065 famulorum

372 1109 697 1184 portatus
741 1109 850 1165 est
892 1101 980 1165 ad
1026 1102 1287 1166 scolam
1339 1101 1730 1185 Anglorum
1769 1110 1841 1166 et
1886 1104 1983 1166 ibi
2023 1102 2233 1165 tertia
2279 1109 2483 1164 nocte

374 1203 596 1265 uitam
640 1201 888 1266 finiuit.
992 1202 1086 1265 Et
1112 1209 1279 1266 tunc
1324 1204 1751 1286 apostolicus
1798 1202 1885 1266 ad
1926 1222 2054 1265 nos
2087 1200 2377 1278 remisit,
2412 1208 2484 1264 et

375 1301 544 1383 quid
572 1301 658 1363 de
688 1320 770 1364 eo
806 1308 1129 1383 ageretur
1162 1322 1206 1365 a
1237 1304 1435 1367 nobis
1463 1303 1836 1379 consuluit,
1873 1321 1964 1365 an
1996 1321 2153 1365 cum
2190 1301 2483 1363 caeteris

377 1400 772 1464 christianis
816 1421 1065 1484 corpus
1111 1401 1297 1466 illius
1339 1410 1735 1486 poneretur.
1855 1402 2020 1465 Hiis
2068 1401 2368 1483 peractis
2412 1408 2485 1464 et

375 1502 574 1565 nobis
637 1501 1082 1578 renunciatiS,
1160 1503 1533 1584 optimates
1595 1509 1873 1566 nostrae
1937 1501 2261 1583 regioniS,
2325 1520 2483 1563 cum

378 1602 921 1683 propinquorum
965 1601 1152 1665 illius
1205 1608 1459 1680 turma,
1500 1602 1979 1683 efflagitabant
2019 1601 2207 1665 omni
2259 1600 2483 1662 humi-

378 1700 601 1776 litate,
636 1707 717 1762 ut
748 1719 999 1782 corpus
1042 1701 1230 1765 illius
1262 1722 1388 1785 per
1418 1709 1728 1766 nostram
1761 1701 2112 1765 licentiam
2140 1720 2299 1763 cum
2328 1720 2485 1763 cor-

380 1800 662 1882 poribus
723 1807 1097 1881 poneretur
1159 1802 1733 1881 christianorum3
1812 1802 2146 1884 nobisque
2209 1800 2483 1862 illorum

382 1899 863 1981 efflagitationi
926 1903 1537 1979 consentientibuS,
1597 1902 1894 1965 Romam
1953 1900 2363 1976 remisimus,
2415 1908 2483 1964 et

380 2001 853 2063 consentiente
911 2020 1097 2082 papa
1149 2002 1419 2083 positus
1488 2007 1596 2064 est
1648 2002 1739 2065 ad
1793 2008 2104 2064 caeteros
2159 1999 2477 2063 christia-

382 2120 530 2177 nOS,
566 2100 886 2182 quamuis
930 2100 1255 2182 indignus
1302 2108 1524 2165 esset:
1575 2108 1647 2165 et
1681 2102 1783 2166 sic
1825 2101 2134 2166 iudicata
2175 2106 2284 2163 est
2316 2099 2483 2164 mihi

381 2206 529 2263 tota
597 2199 946 2281 possessio
1000 2202 1148 2265 eius
1204 2202 1278 2264 in
1330 2201 1604 2282 magnis
1659 2208 1731 2264 et
1783 2201 2093 2265 modiciS.
2217 2200 2350 2263 Sed
2415 2207 2487 2263 et

377 2300 547 2363 haec
601 2300 913 2382 apicibus
957 2300 1344 2364 litterarum
1384 2301 1975 2383 praenotauimuS,
2025 2318 2112 2361 ne
2156 2298 2485 2381 quamdiu

377 2399 845 2463 christianitas
895 2407 1163 2481 regnet,
1214 2401 1598 2465 aboleatur.
1706 2400 1909 2464 Unde
1961 2399 2127 2462 mihi
2169 2398 2487 2480 praefata

379 2500 751 2583 possessio,
810 2520 1021 2583 quam
1067 2501 1197 2565 deo
1243 2508 1314 2566 et
1369 2509 1614 2567 sancto
1663 2500 1876 2566 Petro
1922 2499 2103 2578 dedi,
2140 2499 2477 2563 donatur:

374 2620 503 2664 nec
534 2601 791 2664 iustius
840 2601 1029 2676 noui,
1064 2621 1274 2684 quam
1306 2601 1436 2665 deo
1476 2609 1549 2665 et
1588 2609 1831 2666 sancto
1866 2600 2080 2665 Petro
2111 2600 2288 2663 hanc
2322 2619 2483 2681 pos-

374 2703 755 2766 sessionem
788 2701 1048 2777 darem,
1099 2702 1219 2783 qui
1282 2702 1629 2764 aemulum
1682 2721 1912 2765 meum
1976 2701 2049 2763 in
2109 2708 2485 2782 conspectu

374 2802 684 2865 omnium
729 2800 974 2865 cadere
1025 2800 1359 2878 fecerunt,
1413 2808 1483 2865 et
1539 2801 1706 2864 mihi
1760 2801 2130 2865 sanitatem
2173 2807 2243 2862 et
2291 2801 2488 2881 regni

375 2901 907 2983 prosperitatem
973 2900 1210 2983 largiti
1280 2908 1465 2965 sunt.
1588 2900 1753 2964 Hiis
1827 2900 2121 2963 testibus
2194 2918 2489 2962 consen-

376 3002 710 3065 tientibus
776 3020 1069 3083 quorum
1138 3000 1422 3064 inferius
1490 3000 1774 3064 nomina
1832 2998 2235 3075 recitantur,
2303 3018 2487 3062 anno

376 3100 764 3165 dominicae
828 3100 1325 3164 incarnationis
1396 3147 1413 3165 .
1446 3115 1898 3164 ncccoxxxl.
1947 3104 2108 3161 acta
2159 3106 2266 3162 est
2316 3097 2487 3164 haec

375 3199 697 3283 praefata
722 3199 1031 3263 libertaS.

489 3301 571 3380 »14
618 3300 772 3381 Ego
808 3298 1168 3363 AEbelstan
1210 3317 1336 3362 rex
1392 3300 1609 3363 totius
1656 3299 2063 3362 Britanniae
2107 3300 2490 3382 praefatam

380 3398 823 3464 donationem
856 3400 1087 3482 sigillo
1121 3407 1404 3463 sanctae
1437 3399 1662 3464 crucis
1695 3398 2122 3463 confirmaui.
2224 3402 2302 3481 »14
2336 3400 2491 3482 Ego

385 3499 834 3563 Eadmundus
868 3500 1174 3564 eiusdem
1221 3499 1405 3582 regis
1440 3501 1656 3563 frater
1687 3499 2116 3581 consignaui.
2219 3500 2297 3579 »14
2340 3500 2493 3582 Ego

385 3599 660 3663 Eadred
734 3601 1038 3665 eiusdem
1110 3600 1293 3681 regis
1365 3600 1582 3664 frater
1653 3599 2084 3678 consignaui.
2218 3600 2297 3679 »14
2335 3600 2490 3682 Ego

383 3699 774 3764 Wulfhelm
800 3700 1345 3764 Dorobernensis
1378 3699 1757 3763 aecclesiae
1791 3700 2155 3781 episcopus
2187 3700 2492 3764 eiusdem

388 3801 571 3881 regis
619 3800 1059 3862 donationem
1122 3819 1279 3862 cum
1335 3800 1626 3883 tropheo
1691 3818 1914 3880 agyae
1971 3799 2193 3862 crucis
2242 3801 2492 3865 confir-

386 3900 594 3963 maui.
711 3900 789 3979 »14
835 3899 990 3979 Ego
1028 3898 1344 3962 Deodred
1390 3898 1898 3962 Lundoniensis
1939 3899 2305 3981 episcopus
2339 3919 2495 3963 aec-

389 3999 638 4062 clesiae
703 3999 1134 4079 consignaui.
1249 4001 1327 4080 »14
1398 3999 1553 4080 Ego
1606 3998 1940 4061 AElfheah
1994 3998 2496 4082 Wyntanensis

391 4096 767 4161 aecclesiae
845 4098 1210 4181 episcopus
1274 4098 1762 4180 triumphalem
1836 4098 2199 4180 tropheum
2271 4116 2495 4179 agyae

390 4198 609 4262 crucis
687 4198 1029 4280 impressi.
1149 4200 1227 4279 »14
1272 4197 1423 4279 Ego
1489 4197 1819 4263 Cenwald
1885 4198 2249 4280 episcopus
2328 4216 2491 4261 con·-
