3044 5019
617 404 707 468 64
1114 415 1459 465 anR'rAn
1505 414 2189 464 AncmsAxochn.

619 578 741 641 illo
779 594 915 641 ΧΠ.
952 576 1294 640 denarios,
1402 573 1530 639 Hii
1562 574 1841 638 fuerunt
1874 580 2089 638 testes
2123 571 2415 655 quorum
2450 574 2729 638 nomina

621 678 735 741 hic
772 684 959 741 sunt.
2482 696 2490 704 ·

729 778 809 857 υἷα
856 776 1010 857 Ego
1059 774 1377 857 Burgred
1435 795 1560 839 rex
1608 774 2053 849 Mel-ciorum,
2107 772 2286 836 hanc
2336 774 2728 838 libertatem

622 895 831 958 quam
876 877 1202 959 episcopo
1246 874 1527 952 donaui,
1564 875 1766 956 signo
1812 873 2036 937 crucis
2083 871 2344 937 Christi
2387 874 2624 937 munio
2662 881 2732 937 et

620 976 975 1040 confirmO.
1048 977 1125 1057 υἷα
1167 975 1321 1056 Ego
1343 971 1774 1058 AEthelswyss
1806 974 2047 1055 regina
2078 973 2258 1036 hanc
2285 973 2729 1037 donationem

621 1075 807 1157 regis
838 1075 1154 1139 consensi
1209 1081 1281 1138 et
1325 1074 1726 1156 subscripsi.
1843 1075 1920 1155 υἷα
1965 1072 2120 1155 Ego
2156 1072 2539 1137 Tumberht
2584 1074 2729 1155 epi-

621 1194 896 1257 scopus.
1012 1177 1092 1256 υἷα
1139 1175 1292 1256 Ego
1340 1173 1608 1238 Ceored
1653 1173 2042 1255 episcopuS.
2159 1174 2236 1254 υἷα
2279 1173 2432 1256 Ego
2491 1171 2730 1236 Alhun

619 1275 1007 1358 episcopus,
1146 1275 1223 1355 υἷα
1286 1274 1440 1356 Ego
1513 1272 1860 1355 Byrhtred
1923 1272 2311 1354 episcopus,
2446 1275 2523 1355 υἷα
2574 1272 2731 1354 Ego

624 1371 934 1437 Cussuulf
952 1374 1341 1456 episcopus.
1458 1375 1539 1454 υἷα
1578 1372 1731 1455 Ego
1767 1371 2142 1435 Hunberht
2170 1372 2338 1435 dux.
2456 1375 2533 1455 υἷα
2574 1371 2732 1454 Ego

623 1472 1019 1538 Beorhtnoii
1084 1473 1253 1537 dux.
1379 1474 1456 1554 υἷα
1488 1472 1642 1553 Ego
1710 1471 2090 1535 Ealdberht
2153 1471 2321 1535 dux.
2461 1474 2538 1554 υἷα
2572 1471 2731 1553 Ego

624 1572 859 1636 Mucel
895 1572 1063 1636 dux.
1182 1575 1259 1655 υἷα
1291 1572 1444 1654 Ego
1480 1570 1705 1636 Assuls
1735 1572 1902 1636 dux.
2017 1571 2097 1653 υἷα
2127 1570 2282 1653 Ego
2318 1571 2732 1636 Beornhard

622 1672 793 1740 dux.
904 1674 984 1756 υἷα
1023 1672 1178 1755 Ego
1214 1671 1490 1743 Eadred
1529 1672 1697 1741 dux.

1416 2038 1927 2106 CCLXXXI.

930 2188 1669 2257 AETHILBERHT
1721 2190 1850 2255 OF
1898 2189 2201 2270 KENT,
2247 2188 2398 2255 858.

733 2345 813 2424 υἷα
859 2342 1271 2407 REGNANTE
1340 2340 1413 2403 in
1478 2347 1887 2423 perpetuum
1968 2339 2103 2405 dfio
2171 2338 2260 2405 do
2322 2341 2443 2404 n'fo
2507 2345 2728 2406 omni-

622 2443 891 2526 potenti
942 2442 1191 2505 sabaot
1247 2459 1378 2522 ego
1425 2436 1817 2504 esselbearht
1866 2460 1993 2504 rex
2044 2460 2202 2504 cum
2254 2459 2595 2505 consensu
2646 2463 2730 2508 ac

620 2542 902 2606 licentia
945 2541 1183 2606 meorii
1229 2540 1643 2603 secularium
1687 2541 2030 2623 optimatii
2073 2541 2532 2625 diuinorumq:
2567 2541 2727 2630 'fiso-

620 2643 796 2705 narii
828 2640 1074 2704 liuenti
1108 2640 1336 2703 animo
1365 2639 1546 2704 dabo
1573 2646 1645 2703 et
1671 2640 1972 2705 concedo
2006 2661 2160 2705 meo
2188 2641 2372 2704 fideli
2407 2643 2725 2707 ministro

620 2741 900 2805 wullafe
965 2740 1272 2823 aliquam
1321 2747 1591 2822 partem
1655 2747 1836 2805 terre
1893 2740 2063 2804 iuris
2125 2740 2258 2805 mei
2311 2740 2442 2805 hoc
2502 2760 2536 2805 ὓ
2593 2790 2608 2806 .
2631 2760 2681 2808 U
2710 2792 2725 2808 .

620 2847 858 2906 aratra
889 2839 962 2903 in
994 2838 1117 2903 illa
1148 2840 1302 2903 loco
1334 2840 1454 2903 ubi
1489 2839 1931 2921 wasngwelle
1974 2834 2285 2903 nomina?
2333 2841 2406 2904 in
2454 2840 2723 2907 bicissi-

619 2941 927 3005 tudinem
960 2939 1246 3004 alterius
1280 2947 1462 3003 terre
1492 2939 1623 3003 hoc
1656 2948 1691 2994 ἐ
1725 2946 1797 3004 et
1827 2940 2215 3004 mersaham
2250 2940 2427 3003 hanc
2467 2947 2722 3006 terram

618 3040 1257 3124 supranominatam
1309 3046 1381 3102 et
1416 3038 1974 3121 wassingwellan
2023 3060 2155 3121 ego
2208 3038 2603 3106 eiSelbearht
2636 3045 2723 3106 ab

620 3143 806 3205 omni
857 3139 1194 3203 seruitute
1228 3139 1450 3219 regali
1494 3139 1722 3220 operis
1769 3139 2168 3203 eternaliter
2196 3140 2508 3204 liuerabo
2543 3142 2725 3206 sicut

621 3246 783 3304 ante
832 3239 1061 3302 fuerat
1102 3238 1227 3302 illa
1269 3239 1751 3320 prenominata
1804 3244 1990 3302 terra
2039 3245 2111 3303 et
2158 3240 2545 3303 mersaham
2596 3242 2721 3306 hec

619 3346 783 3403 sunt
841 3338 1094 3402 etenim
1141 3338 1417 3401 marisci
1484 3357 1552 3420 q:
1622 3337 1710 3400 ad
1779 3339 2066 3402 eandem
2142 3346 2399 3404 terram
2449 3341 2583 3405 rite
2641 3362 2723 3405 ac

617 3446 804 3504 recte
853 3436 1124 3525 §tinent
1170 3457 1228 3521 q3
1277 3437 1459 3521 hega
1509 3444 1672 3501 ante
1724 3439 2014 3502 abuerat
2062 3438 2134 3501 id
2189 3447 2298 3503 est
2347 3459 2435 3503 an
2488 3442 2723 3506 wiwa-

576 3599 578 3601 ,
618 3539 829 3604 rawic
864 3558 923 3621 q3
957 3544 1119 3601 ante
1154 3538 1467 3601 subiecta
1497 3544 1650 3601 erat
1693 3543 1767 3601 to
1813 3538 1928 3601 wii
1969 3561 2016 3628 7
2060 3544 2133 3602 to
2168 3539 2530 3606 leanaham
2575 3564 2619 3632 7
2654 3549 2725 3606 et

617 3638 1004 3704 febresham
1060 3685 1074 3701 .
1099 3655 1121 3700 1
1149 3686 1164 3700 .
1213 3638 1514 3701 sealtern
1540 3659 1584 3727 7
1620 3655 1673 3700 11
1702 3684 1717 3700 .
1746 3656 1946 3701 wena
1990 3657 2178 3720 gang
2206 3638 2352 3702 mid
2388 3642 2721 3723 cyninges

616 3739 820 3804 wenii
876 3743 949 3801 to
999 3737 1205 3800 blean
1254 3735 1405 3801 &em
1456 3737 1685 3801 wiada
1721 3759 1768 3826 7
1808 3784 1824 3801 .
1846 3753 1961 3800 1111
1987 3777 2004 3801 .
2051 3757 2311 3802 oxnum
2370 3759 2529 3820 gers
2581 3739 2721 3804 mid

616 3839 950 3924 cyninges
1019 3856 1278 3899 oxnum
1331 3856 1422 3900 an
1466 3836 1882 3900 wiwarawic
1932 3885 1948 3900 .
1981 3854 2150 3901 xxx
2203 3844 2469 3902 statera
2525 3838 2720 3905 kasei

616 3946 689 4003 ct
732 3940 898 4002 item
950 3985 966 4000 .
997 3953 1049 3999 x
1075 3984 1091 3999 .
1145 3943 1408 4001 statera
1452 3938 1527 4000 in
1559 3937 1699 4000 alia
1731 3936 2144 4001 wiwarawic
2175 3960 2219 4028 7
2252 3985 2265 3999 .
2291 3954 2402 4001 xx
2437 3986 2452 4002 .
2489 3938 2721 4005 lamba
2784 4025 2790 4032 ῃ

521 4125 528 4130 .
613 4062 657 4130 7
712 4085 728 4102 .
759 4049 912 4101 xx'.
959 4036 1151 4100 fehta
1206 4037 1331 4100 hec
1379 4035 1427 4100 k
1478 4043 1665 4100 terra
1726 4038 2199 4119 suprascripta
2261 4045 2333 4101 et
2382 4040 2717 4122 wassing-

616 4138 866 4204 wellan
910 4136 1017 4201 his
1051 4137 1428 4201 notissimis
1480 4136 1822 4200 terminib:
1879 4128 2207 4219 antiq¹tus
2259 4138 2444 4201 circii
2488 4140 2717 4205 iacena·
