3044 5019
872 402 1219 450 anR'r-As
1263 402 1949 453 ANGLoSAonIcAss.
2357 389 2488 455 359

352 561 736 619 matronae
766 557 932 620 mihi
978 558 1185 622 ualde
1229 558 1436 636 fideli,
1477 577 1657 640 quae
1704 576 1747 620 a
1783 556 2023 639 peritis
2076 565 2241 621 noto
2279 557 2484 636 Quen

351 662 817 738 nuncupatur
864 665 1209 735 onomate,
1263 658 1614 740 quandam
1654 658 1832 720 ruris
1887 657 2300 739 particulam
2350 662 2479 724 sub

351 756 855 820 aestimatione
904 756 1169 823 scilicet
1215 803 1626 823 ........
1668 763 2119 833 cassatorum,
2170 758 2349 822 binis
2408 761 2480 824 in

350 853 539 917 locis
590 856 955 937 direptam,
1010 857 1129 940 qui
1177 858 1266 921 ab
1318 857 1521 920 huius
1582 856 1978 938 prouinciae
2028 856 2330 921 solicolis
2385 867 2478 924 aet

351 952 837 1019 Heafirddene
887 956 1026 1020 and
1061 963 1178 1019 aet
1209 956 1678 1037 Ealdredrege
1727 957 1989 1019 usitato
2035 966 2476 1040 nuncupatur

348 1053 739 1132 uocabulo,
768 1075 991 1137 prona
1024 1056 1418 1120 ammodum
1447 1055 1841 1132 deuotione,
1866 1062 2148 1119 aeterna
2177 1056 2473 1138 largitus

349 1172 518 1216 sum
568 1153 1039 1233 haereditate3
1086 1156 1414 1238 quatinus
1446 1155 1602 1238 ipso
1646 1174 1802 1218 cum
1847 1154 2162 1219 omnibus
2207 1159 2470 1237 utensi-

345 1252 571 1330 libus,
623 1255 844 1335 pratis
905 1255 1253 1332 uidelicet,
1301 1256 1604 1337 pascm’S,
1656 1254 1875 1331 siluis,
1921 1253 2231 1318 hilariter
2280 1256 2469 1321 uitae

347 1371 651 1436 compos
685 1354 1105 1436 perfruatur,
1147 1363 1219 1419 et
1262 1362 1421 1438 post
1453 1355 1646 1419 uitae
1690 1373 1859 1418 suae
1905 1354 2272 1417 terminum
2311 1357 2462 1436 qui-

344 1452 791 1536 buscumque
830 1455 1131 1518 uoluerit
1169 1455 1579 1519 cleronomis
1624 1453 1974 1517 inmunem
2007 1453 2462 1537 derelinquat.

349 1551 467 1616 Sit
518 1560 756 1617 autem
804 1554 1165 1635 praedicta
1212 1554 1442 1632 telluS‚
1479 1573 1689 1637 quam
1738 1573 1870 1635 ego
1918 1572 2072 1616 cum
2125 1573 2465 1641 consensu

348 1653 780 1733 optimatum
809 1673 1118 1717 meorum
1162 1654 1515 1736 praefatae
1559 1654 1853 1734 largitus
1888 1671 2041 1715 sum
2084 1660 2464 1732 matronae,

349 1752 444 1813 ab
479 1754 675 1815 omni
704 1759 1015 1816 terrenae
1042 1753 1397 1817 seruitutis
1428 1754 1595 1833 iugo
1625 1752 1866 1827 libera,
1899 1751 2121 1814 tribus
2149 1756 2461 1834 exceptis

348 1849 490 1928 his,
526 1858 686 1916 rata
728 1851 1053 1916 uidelicet
1096 1852 1561 1935 expeditione,
1597 1851 1853 1932 pontiS,
1885 1850 2152 1913 arcisue
2187 1859 2457 1915 restau-

348 1952 656 2015 ratione.
762 1952 836 2015 Si
890 1952 1045 2034 quis
1111 1958 1345 2015 autem
1404 1950 1747 2014 laruarico
1793 1949 2165 2013 instinctus
2210 1952 2462 2033 spiritu

349 2049 490 2114 hoc
520 2050 782 2115 donum
802 2051 1089 2127 uiolare,
1108 2052 1560 2115 immutareue
1588 2057 2206 2132 praesumptuosus
2237 2058 2460 2135 temp-

349 2151 644 2228 tauerit,
666 2151 798 2214 nisi
829 2151 1046 2231 digna
1072 2149 1548 2215 satisfactione
1578 2156 1741 2214 ante
1771 2150 2034 2214 obitum
2066 2168 2267 2213 suum
2301 2172 2460 2215 reus

349 2251 805 2331 poenituerit,
849 2250 1150 2314 aeternis
1195 2251 1455 2313 baratri
1499 2256 1890 2332 prostratus
1932 2249 2266 2312 incendiis
2306 2271 2461 2314 cum

355 2347 549 2413 Iuda
600 2349 858 2414 Christi
915 2349 1266 2432 proditore
1312 2331 1755 2413 aeternaliter
1801 2348 2165 2428 lugubrius
2214 2350 2460 2430 punia-

348 2454 495 2515 tur.
604 2450 772 2514 Istis
805 2450 1031 2528 metiS,
1064 2456 1195 2514 etc.
1299 2447 1510 2514 Anno
1545 2448 1927 2513 dominicae
1959 2447 2456 2513 incarnationis

351 2565 744 2614 Dccccmx.
775 2551 1035 2632 scripta
1067 2557 1175 2613 est
1201 2549 1372 2615 haec
1419 2556 1616 2614 carta
1663 2548 1771 2611 his
1822 2549 2113 2612 testibus
2165 2568 2454 2613 consen-

350 2650 689 2713 tientibus
720 2670 1010 2732 quorum
1043 2649 1325 2713 inferius
1361 2649 1642 2714 nomina
1676 2655 2120 2713 caraxantur.

353 2782 358 2785 v
471 2751 553 2831 ›1‹
585 2749 739 2831 Ego
789 2749 1072 2830 Eadgar
1119 2769 1245 2813 rex
1286 2748 1866 2813 indeclinabiliter
1925 2747 2256 2811 concessi.
2371 2749 2449 2827 ›1‹

350 2847 513 2930 Ego
573 2848 869 2932 Oskytel
934 2849 1392 2913 Eboracensis
1453 2848 1832 2912 aecclesiae
1893 2844 2452 2928 archiepiscopus

349 2948 650 3013 firmaui.
788 2951 866 3031 ›1‹
896 2949 1049 3029 Ego
1103 2949 1431 3012 Dunstan
1497 2945 2007 3011 Lundoniensis
2072 2943 2449 3008 aecclesiae

350 3049 636 3130 praesul
681 3049 1021 3113 consensi.
1138 3050 1216 3130 ›1‹
1249 3049 1403 3130 Ego
1439 3047 1783 3130 Cynesige
1829 3043 2144 3128 pontifex
2174 3043 2453 3124 signum

352 3133 581 3213 crucis
644 3147 985 3231 impressi.
1121 3150 1199 3230 ›1‹
1229 3149 1380 3230 Ego
1425 3146 1648 3211 Aquf
1686 3146 1975 3210 antistes
2019 3143 2335 3208 consensi
2385 3151 2457 3207 et

351 3249 758 3330 subscripsi.
889 3250 967 3330 ›1‹
1013 3248 1166 3328 Ego
1236 3248 1535 3311 Ealdred
1601 3247 1966 3329 episcopus
2025 3243 2453 3308 confirmaui.

363 3351 445 3430 >1⁴
482 3349 635 3430 Ego
692 3347 1013 3412 AElfhere
1060 3347 1224 3410 dux.
1341 3351 1422 3428 ›1‹
1450 3349 1604 3429 Ego
1660 3344 2021 3410 AEsselstan
2080 3345 2249 3407 dux.
2362 3345 2440 3424 ›1‹

351 3447 771 3512 AEsseluuold
839 3448 1008 3511 dux.
1121 3447 1199 3526 ›1‹
1232 3446 1590 3530 Byrhtn05
1646 3446 1814 3508 dux.
1943 3447 2023 3523 »Β
2058 3443 2211 3524 Ego
2276 3442 2454 3507 Leot

348 3549 522 3613 dux.
637 3548 714 3628 ›1‹
760 3546 1056 3630 Oskytel
1107 3546 1275 3610 dux.
1393 3550 1471 3628 ›1‹
1501 3544 1861 3609 AElfuuine
1910 3543 2244 3605 minister.
2361 3544 2439 3624 ›1‹

351 3648 603 3730 Sigulf.
718 3650 796 3730 ›1‹
830 3644 1197 3711 AEsselferb.
1313 3649 1391 3729 ›1‹
1426 3644 1810 3710 AElfuuold.
1926 3645 2003 3725 ›1‹
2033 3641 2445 3707 Wulfhelm.

362 3750 443 3830 ›1‹
475 3747 844 3829 Wulfsige.
963 3750 1041 3830 ›1‹
1076 3745 1423 3832 Ulfkytel.
1541 3748 1619 3828 ›1‹
1656 3744 1864 3808 Rold.
1980 3745 2058 3825 ›1‹
2089 3742 2447 3824 Dragmel.

363 3849 441 3929 ›1‹
469 3846 802 3930 Sigefeffi.
917 3850 994 3930 ›1‹
1036 3846 1347 3911 Durferss.
1464 3850 1543 3930 ›1‹
1576 3842 1916 3928 Durkytel
1953 3843 2270 3906 ministri.
