3044 5019
610 409 743 473 428
1103 423 1448 472 ann‘rAn
1491 422 2173 471 AnonosAxochn.

612 582 745 647 disi
770 581 1107 650 eliminati
1136 581 1361 657 metiS,
1395 581 1467 643 in
1498 582 1883 661 praesentis
1923 581 2110 645 uitae
2156 597 2556 644 aerumnam
2585 577 2711 640 mi-

611 683 878 746 serrimi
907 681 1358 759 deiiciuntur3
1406 686 1923 744 contemnentes
1949 680 2395 756 conditorem,
2425 699 2469 742 a
2502 697 2713 742 cunc-

613 783 703 845 tis
748 783 1208 862 insequuntur
1260 780 1537 843 creatiS.
1666 779 1835 844 Uita
1882 780 2107 856 desiit,
2161 799 2348 843 mors
2396 778 2712 842 inoleuit.

615 882 973 946 Uirtutum
1024 886 1308 943 caterua
1355 878 1744 955 recedente,
1811 880 2138 943 uitiorum
2187 879 2504 943 cumulus
2554 896 2711 940 suc-

610 982 838 1045 cessit.
910 979 1334 1043 Succedente
1367 985 1697 1060 nepotum
1724 978 2073 1062 prosapia,
2106 979 2441 1042 successit
2470 995 2712 1041 cumu-
2768 973 2773 976 ’

609 1081 759 1146 lata
787 1079 1147 1143 criminum
1178 1078 1493 1159 collegio.
1579 1077 1908 1141 Uniuersi
1938 1097 2095 1141 cum
2143 1079 2289 1141 suis
2338 1076 2713 1142 sceleribus

609 1179 1082 1244 cataclismate
1147 1178 1432 1259 dempti,
1493 1177 1773 1241 tandem
1853 1187 2011 1242 octo
2077 1178 2437 1259 utriusque
2503 1195 2715 1239 sexus

609 1279 1006 1355 reseruatis,
1058 1277 1475 1342 tabescendo
1526 1276 1879 1340 deficiunt.
1985 1278 2196 1340 Uitiis
2233 1277 2511 1359 copiose
2557 1294 2709 1337 sur-

611 1379 957 1461 gentibus,
990 1376 1305 1441 conditor
1344 1396 1418 1439 se
1447 1375 1791 1439 hominem
1825 1375 2068 1440 fecisse
2113 1376 2427 1440 indoluit.
2535 1374 2713 1437 Pos-

609 1486 828 1543 tremo
883 1477 1270 1541 misericors
1326 1475 1759 1552 mortalibuS,
1811 1483 1891 1540 ut
1951 1476 2300 1558 pollicitus
2364 1483 2494 1551 est,
2554 1493 2710 1537 suc-

604 1579 840 1641 currit.

606 1837 662 1880 v.
717 1814 1025 1887 Quomodo
1059 1817 1336 1880 Christus
1363 1825 1542 1880 natus
1583 1839 1692 1879 sua
1737 1838 1842 1879 nos
1858 1819 2142 1902 passione
2170 1818 2418 1879 redemit
2443 1826 2500 1878 et
2526 1817 2711 1878 coelos

1375 1921 1751 1983 conscendere
1755 1920 1936 2006 ficit.

711 2067 929 2130 Stella
959 2068 1240 2131 emicuit
1268 2069 1635 2145 matutina,
1663 2089 1843 2152 quae
1870 2089 1998 2136 suo
2030 2070 2224 2135 radio
2244 2070 2481 2134 mundi
2510 2078 2703 2136 tene-

608 2169 770 2232 bras
802 2167 1098 2248 fugaret.
1208 2168 1472 2232 Fausta
1519 2169 1948 2251 resplenduit
1983 2170 2217 2233 Maria
2264 2171 2461 2234 cuius
2504 2176 2705 2235 utero

607 2266 934 2349 uirginali
954 2264 1272 2331 Christus
1294 2267 1731 2331 ineffabiliter
1759 2270 2008 2346 edituS,
2044 2276 2485 2352 peccatorum
2511 2277 2713 2334 tene-·

606 2369 767 2431 bras
797 2367 1134 2431 mediator
1158 2367 1730 2431 clementissimus
1765 2369 2083 2451 dempsit.
2187 2368 2437 2449 Uiguit
2465 2368 2702 2433 Chris-

607 2475 722 2533 tus
750 2468 1126 2531 uirtutibus
1168 2467 1438 2550 plenus,
1545 2466 1918 2532 Incanduit
1950 2468 2214 2533 Iudaea
2243 2469 2509 2550 ingenti
2540 2489 2700 2534 ran·

609 2587 767 2632 core
794 2568 1081 2648 repleta.
1162 2566 1456 2631 Carnem
1483 2568 1867 2650 suscipiens
1894 2589 2022 2650 pro
2043 2570 2241 2633 nobis
2275 2570 2422 2651 pati
2451 2571 2696 2634 uoluit.

612 2667 819 2746 Quod
864 2666 1010 2729 eius
1059 2668 1398 2749 permissu
1444 2667 1734 2731 infoelix
1778 2668 2131 2732 audaciter
2169 2669 2543 2750 compleuit
2575 2668 2696 2733 Iu-

609 2767 805 2830 daea.
911 2766 1138 2846 Ligno
1177 2767 1435 2850 quippe
1473 2767 1843 2848 perditum,
1887 2768 2060 2849 ligni
2106 2768 2444 2832 scandens
2477 2770 2696 2850 gabu-

606 2867 773 2943 lum,
833 2885 1054 2947 genus
1114 2866 1402 2929 redemit
1464 2865 1863 2931 humanum.
1972 2867 2352 2931 Uniuersas
2401 2887 2696 2952 namque

608 2967 961 3030 hominum
1009 2965 1302 3029 daemon
1343 2966 1658 3030 nationes
1703 2967 2120 3031 ludificando
2151 2968 2521 3045 insultam,
2549 2969 2695 3033 iure

609 3074 679 3130 et
717 3065 1027 3129 mandati
1052 3072 1631 3147 transgressorem
1659 3067 2041 3148 possidenS‚
2070 3074 2290 3131 morte
2321 3068 2700 3132 mulctabat
2786 3141 2803 3155 .

608 3172 966 3249 perpetua.
1070 3164 1376 3247 Surgens
1421 3162 1588 3228 uero
1624 3185 1667 3229 a
1704 3167 1994 3230 mortuis
2037 3167 2332 3230 ultorem
2367 3168 2699 3249 trophaeo

609 3265 831 3327 crucis
887 3263 1163 3326 deuicit.
1270 3263 1613 3327 Praedam
1657 3264 1742 3329 de
1787 3266 2029 3347 perfidi
2085 3266 2304 3330 leonis
2351 3286 2468 3329 ore
2514 3267 2697 3344 tulit,

605 3382 974 3445 secumque
1017 3381 1227 3443 super
1269 3363 1553 3427 aethera
1596 3364 1854 3428 uehens
1896 3360 2229 3448 xsupernis
2293 3366 2694 3447 angelorum

606 3464 915 3529 coetibus
972 3462 1419 3526 consociauit.
1542 3463 1644 3527 Ut
1704 3485 1859 3528 cum
1916 3485 1998 3529 eo
2057 3466 2401 3529 communi
2452 3474 2694 3530 contu-

604 3564 842 3628 bernio
897 3563 1202 3626 fruentes
1249 3563 1561 3626 bonitate
1608 3565 1954 3645 perspicui
2005 3566 2341 3629 uirtutum
2391 3567 2694 3629 omnium

606 3665 921 3727 ubertate
984 3661 1240 3738 referti,
1302 3669 1625 3744 expertes
1686 3664 1978 3745 peccati,
2040 3665 2226 3728 omni
2265 3666 2693 3752 ‘contagione

607 3761 887 3846 priuati,
938 3761 1086 3823 sine
1119 3760 1253 3824 fine
1303 3768 1465 3843 post
1512 3761 1694 3825 diem
1743 3762 1978 3826 iudicii
2009 3764 2419 3828 restauratis
2453 3783 2696 3846 corpo·

605 3864 820 3937 ribus,
854 3860 1251 3924 exultantes
1305 3868 1699 3941 regnarent.
1804 3861 2014 3926 Hanc
2057 3864 2498 3946 praecipuam
2549 3865 2696 3927 sine

607 3963 816 4027 dubio
877 3960 1191 4042 gloriam·
1230 3961 1689 4036 credentibuS,
1763 3961 1883 4043 qui
1956 3963 2289 4026 trinitatis
2352 3981 2694 4045 ueraeque

605 4060 895 4126 unitatis
957 4059 1160 4122 fidem
1218 4059 1417 4122 bonis
1484 4060 1888 4124 insudantes
1945 4063 2267 4144 operibus
2320 4069 2697 4139 sectantur,

604 4159 978 4246 pollicituS,
1031 4179 1169 4223 non
1221 4159 1655 4224 credentibus
1691 4161 2104 4244 supplicium
2148 4152 2449 4225 minatus
2476 4169 2699 4225 aeter-

605 4281 762 4324 num
800 4259 1151 4341 perpetuis
1184 4259 1446 4323 baratri
1475 4260 1807 4324 incendiis
1839 4261 2212 4325 iustissime
2245 4261 2633 4344 spopondit.
