3044 5019
865 445 1211 498 cuAR'rAE
1257 444 1941 493 ANGLoSAonICAE.
2206 455 2209 456 ν
2321 425 2453 487 419

342 609 673 666 aeternam
725 603 1171 667 damnatione
1219 602 1601 666 trudendus
1637 650 1653 666 .
1689 602 1759 665 id
1800 610 1907 665 est
1942 602 2014 664 in
2063 608 2447 666 extremam

345 710 612 783 partem
667 703 828 770 tetri
877 704 1141 768 baratri
1189 705 1318 767 sub
1369 702 1648 767 horrida
1709 711 1965 783 stagna
2017 701 2303 764 tartarei
2358 701 2451 763 sit

346 802 692 882 proiectus
751 802 1142 867 acherontis
1193 804 1391 868 cuius
1444 803 1766 884 turpidus
1815 821 2071 883 gurges
2122 820 2315 864 caeno
2366 819 2450 863 ac

345 908 549 965 uasta
592 904 927 984 uoragine
974 911 1271 966 aestuare
1319 910 1650 966 assertur.
1760 901 1918 964 Nisi
1957 902 2149 983 prius
2197 899 2310 963 hic
2356 900 2445 962 ad

342 1000 887 1066 satisfactionem
931 1003 1324 1084 peruenerit
1368 1012 1437 1065 et
1473 1002 1688 1082 digna
1721 1000 2133 1083 poenitentia
2171 999 2448 1063 efridare

341 1099 683 1172 maluerit.
805 1101 985 1165 Haec
1048 1110 1213 1165 sunt
1298 1101 1617 1177 confinia,
1681 1112 1809 1165 etc.
1935 1099 2115 1163 Haec
2179 1099 2450 1163 cartula

342 1200 604 1283 scripta
677 1210 785 1266 est
851 1221 1042 1266 ‘anno
1108 1203 1196 1266 ab
1258 1200 1733 1284 incarnatione
1794 1200 1909 1263 d‘rii
1976 1200 2077 1263 nii
2148 1197 2269 1261 ihu
2326 1197 2447 1285 xpi

346 1316 768 1365 ‚occccnxw
808 1297 1197 1366 Indictione
1229 1318 1407 1365 ,vr11.

454 1401 532 1480 ›1‹
566 1400 720 1481 Ego
772 1401 1032 1482 eadgar
1062 1402 1277 1466 totius
1323 1400 1618 1464 albionis
1668 1420 1795 1464 rex
1847 1400 1979 1463 hoc
2033 1399 2287 1461 donum
2337 1398 2445 1460 in-

339 1498 841 1566 declinabiliter
867 1501 1178 1565 concessi
1224 1509 1437 1582 atque
1481 1500 1775 1583 tropheo
1814 1500 1971 1582 agie
2011 1499 2235 1562 crucis
2279 1517 2446 1560 con-

344 1597 639 1663 firmani.

454 1700 532 1779 ›1‹
567 1698 720 1780 Ego
786 1699 1088 1762 dunstan
1169 1699 1700 1800 metropolitane
1762 1697 2034 1761 aeclesie
2109 1697 2447 1778 archiepi-

342 1817 593 1879 scopus
646 1799 824 1863 hanc
893 1798 1426 1866 munificentiam
1479 1764 1691 1879 signo
1735 1798 1959 1861 crucis
2003 1764 2128 1884 xpi
2180 1797 2447 1860 munire

344 1898 609 1962 curaui.

456 1999 534 2078 ›1‹
569 1996 719 2077 Ego
755 1996 1029 2060 aelfstan
1059 2016 1177 2084 eps
1206 1998 1533 2062 roboraui
1809 2000 1887 2079 ›1‹
1918 1996 2213 2060 aelfwine
2245 1996 2381 2058 min

454 2098 532 2177 ›1‹
569 2096 720 2177 Ego
753 2093 1087 2160 abelwold
1120 2095 1239 2184 e'ps
1270 2099 1589 2182 impressi
1807 2099 1885 2178 ›1‹
1915 2096 2272 2161 aeoelwerd
2305 2097 2443 2159 miii

453 2197 531 2276 ›1‹
564 2196 718 2276 Ego
748 2195 1025 2260 alfwold
1058 2194 1177 2284 eps
1205 2199 1504 2262 scribere
1538 2198 1709 2261 iussi
1805 2199 1883 2278 ›1‹
1917 2197 2232 2277 wihtsige
2262 2197 2400 2258 mi'ti

455 2297 533 2376 ›1‹
563 2294 716 2376 Ego
747 2295 1090 2379 byrhtelm
1119 2294 1239 2384 eps
1271 2297 1602 2361 adiuuaui
1813 2298 1894 2376 ›1‹
1925 2296 2250 2360 wulfstan
2279 2296 2418 2357 mi'fi

455 2395 533 2474 »Β
565 2395 720 2475 Ego
751 2395 944 2459 osulf
965 2393 1085 2482 eps
1118 2396 1444 2479 adquieui
1810 2396 1888 2475 ›1‹
1922 2394 2245 2476 byrhtulf
2262 2395 2402 2455 miii

455 2496 533 2576 ›1‹
566 2494 691 2559 aelf
691 2493 852 2559 here
879 2495 1025 2563 dux
1814 2496 1892 2576 ›1‹
1927 2493 2110 2559 leofa
2141 2494 2280 2557 mifi

454 2597 532 2676 ›1‹
562 2595 863 2659 aelfheah
899 2596 1044 2660 dux
1343 2654 1354 2663 t
1811 2595 1893 2676 ’Β
1922 2594 2211 2676 leofsige
2243 2594 2384 2656 mi‘fi

453 2696 531 2775 ›1‹
560 2693 888 2759 aebelstan
922 2694 1068 2758 dux
1099 2745 1104 2751 .
1814 2696 1892 2775 ›1‹
1923 2694 2230 2757 aelfhelm
2263 2694 2401 2756 mifi

451 2796 529 2875 ›1‹
563 2793 941 2858 aeoelmund
970 2795 1114 2858 dux
1806 2794 1884 2873 »Β
1915 2793 2221 2876 byrhtric
2253 2794 2389 2855 mifi

453 2895 531 2974 ›1‹
563 2894 818 2975 ordgar
847 2895 994 2959 dux
1813 2896 1891 2974 ›1‹
1926 2892 2222 2974 wulfgar
2248 2893 2384 2955 miii

1222 3112 1576 3180 DXXII.

1072 3212 1515 3333 ainaim,
1561 3255 1714 3320 966.

453 3386 852 3468 ›FCUNCTA
881 3387 1313 3450 saeculorum
1344 3389 1761 3469 patrimonia
1802 3387 2084 3451 incertis
2118 3396 2443 3467 nepotum

342 3486 754 3549 haeredibus
788 3485 1380 3567 derelinquuntur,
1410 3493 1480 3549 et
1510 3487 1734 3557 omnis
1772 3486 2006 3548 mundi
2053 3486 2279 3565 gloria
2316 3506 2441 3567 ap-

339 3586 847 3668 propinquante
880 3586 1068 3649 uitae
1095 3585 1338 3647 mortis
1369 3585 1661 3648 termino
1702 3585 1790 3648 ad
1833 3584 2121 3648 nihilum
2159 3584 2446 3649 reducta

340 3685 638 3749 fatescit.
745 3683 1008 3748 Iccirco
1074 3684 1363 3748 terrenis
1414 3685 1831 3748 caducarum
1891 3685 2445 3766 possessionibus

341 3804 612 3866 semper
648 3803 975 3848 mansura
1017 3803 1358 3868 supernae
1402 3785 1670 3865 patriae
1715 3784 2181 3848 emolumenta
2225 3786 2445 3866 adipi-

340 3891 637 3961 scentes,
665 3884 944 3947 domino
981 3885 1487 3965 patrocinante,
1518 3883 1851 3948 lucranda
1883 3885 2440 3949 determinamus.

342 3982 809 4062 Quamobrem
876 4003 1007 4064 ego
1057 3983 1341 4063 Eadgar
1391 3983 1607 4047 totius
1656 3985 2060 4048 Britanniae
2116 3983 2444 4059 basileus,

340 4083 684 4167 quandam
705 4082 976 4180 telffilris
1007 4082 1445 4165 particulam,
1479 4099 1557 4146 X.
1582 4084 1904 4147 uidelicet
1926 4088 2263 4158 cassatoS,
2289 4082 2444 4145 loco

340 4182 461 4266 qui
496 4182 748 4246 celebri
774 4190 848 4245 at
872 4181 1264 4277 yppidelen
1297 4191 1741 4264 nuncupatur
1772 4181 2139 4258 uocabulo,
2172 4180 2443 4244 cuidam

344 4281 719 4350 aecclesiae
763 4281 836 4345 in
876 4283 1180 4378 omnium
1222 4290 1619 4353 sanctorum
1662 4283 2107 4347 ueneratione
2150 4280 2444 4358 dicatae,

2092 4394 2123 4438 2
2148 4405 2177 4438 ε
2199 4396 2231 4441 2
