3044 5019
877 420 1229 468 CHARTAE
1274 418 1959 466 ANGLOSAXONICAE.
2344 402 2479 466 405

361 579 421 641 si
451 578 772 642 Christus
822 579 1040 641 uitam
1080 576 1247 640 mihi
1280 585 1423 639 tam
1470 577 1591 639 diu
1636 575 2074 653 concesserit,
2115 594 2335 658 usque
2381 576 2469 639 ad
2506 641 2507 644 ,

359 679 1003 759 quinquagesimum
1063 677 1482 740 remissionis
1528 695 1884 738 numerum
1933 695 2125 739 meae
2176 675 2468 740 deuotae

358 776 486 839 deo
516 778 1023 840 munificentiae
1056 777 1473 839 oblationem
1512 774 1921 856 protendere
1953 775 2247 838 decreui.
2316 775 2466 838 Un-

357 875 441 938 de
495 896 680 939 nunc
730 878 803 939 in
857 875 1206 958 praesenti
1259 874 1775 951 monasterium,
1831 875 2015 956 quod
2071 875 2464 956 praedictus

355 975 775 1039 reuerendus
809 976 1174 1057 episcopus
1208 973 1577 1037 Oswaldus
1606 975 1677 1036 in
1713 973 1873 1036 sede
1906 974 2280 1056 episcopali
2311 974 2464 1038 Wi-

358 1083 820 1155 ogreceastre,
872 1077 945 1138 in
988 1073 1248 1138 honore
1297 1081 1581 1138 sanctae
1617 1073 1727 1135 dei
1770 1073 2138 1153 genetricis
2193 1073 2462 1137 Mariae

356 1174 829 1255 amplificauit‚
861 1181 932 1238 et
975 1173 1343 1236 eliminatis
1379 1172 1782 1235 clericorum
1827 1172 2094 1235 naeniis
2147 1179 2214 1235 et
2261 1192 2461 1254 spur-

353 1274 452 1338 cis
497 1272 825 1349 lasciuiiS,
872 1273 1211 1353 religiosis
1261 1271 1370 1334 dei
1419 1272 1644 1334 seruis
1679 1269 2056 1347 monachis»,
2108 1290 2261 1334 meo
2298 1291 2461 1335 con-

354 1391 563 1435 sensu
607 1380 677 1436 et
721 1373 959 1436 fauore
1012 1370 1395 1447 consultuS‚
1442 1370 1745 1449 locauit3
1793 1389 1924 1451 ego
1967 1371 2137 1452 ipsis
2183 1389 2458 1433 monas-

349 1472 535 1534 ticae
578 1472 932 1552 religionis
982 1471 1149 1534 uiris
1212 1470 1430 1551 regali
1489 1469 1913 1534 authoritate
1976 1469 2327 1546 confirmo,
2372 1478 2460 1533 et

352 1571 639 1635 consilio
682 1578 752 1635 et
790 1570 1282 1652 astipulatione
1310 1569 1695 1651 principum
1731 1576 1801 1631 et
1826 1569 2235 1651 optimatum
2270 1589 2458 1633 meo-

353 1690 504 1732 rum
540 1672 907 1734 corroboro
947 1677 1017 1733 et
1061 1668 1418 1750 consigno.
1525 1667 1641 1731 Ita
1683 1668 1933 1732 utiam
1978 1669 2273 1749 amplius
2318 1688 2456 1731 non

351 1770 443 1832 sit
477 1768 582 1832 fas
631 1789 854 1851 neque
896 1756 1003 1832 ius
1057 1768 1320 1831 clericis
1360 1767 1781 1830 reclamandi
1832 1767 2202 1849 quicquam
2254 1767 2453 1847 inde3

323 1870 603 1950 -quippe
649 1868 770 1949 qui
819 1869 1041 1949 magis
1073 1867 1452 1947 elegerunt,
1498 1885 1654 1929 cum
1701 1866 1809 1928 sui
1852 1866 2110 1930 ordinis
2147 1866 2455 1949 periculo

347 1976 417 2031 et
446 1968 938 2031 aecclesiastici
979 1967 1292 2030 beneficii
1335 1965 1720 2048 dispendio,
1766 1965 1908 2029 suis
1952 1966 2287 2029 uxoribus
2325 1967 2450 2029 ad-

348 2066 656 2144 haerere,
709 2086 916 2148 quam
965 2065 1363 2143 immobilia,
1415 2065 1585 2147 ipsis
1643 2064 1752 2128 dei
1803 2064 2023 2128 seruis
2075 2065 2453 2143 monachiS,

343 2168 430 2229 ab
500 2166 630 2229 hac
695 2166 806 2229 die
865 2165 1380 2248 perpetualiter,
1441 2165 1673 2245 regiae
1732 2164 2237 2229 munificentiae
2304 2165 2451 2228 iure

343 2265 669 2347 deinceps
702 2264 1139 2348 possidenda,
1172 2264 1369 2327 trado
1402 2271 1474 2328 et
1501 2264 1869 2343 consign03
1903 2264 2004 2326 ita
2036 2263 2345 2340 firmiter,
2375 2271 2456 2327 ut

344 2364 520 2427 nulli
553 2365 963 2447 principum,
986 2382 1112 2426 nec
1143 2363 1351 2427 etiam
1383 2363 1508 2426 ulli
1541 2357 1865 2444 episcopo
1898 2362 2315 2439 succedenti,
2344 2362 2449 2425 fas

345 2465 440 2531 sit
491 2471 615 2529 aut
663 2464 928 2528 licitum
976 2462 1343 2546 quicquam
1382 2462 1542 2526 inde
1585 2460 1988 2525 subtrahere
2034 2467 2157 2524 aut
2199 2480 2448 2544 perua-

346 2565 533 2642 dere,
580 2572 706 2628 aut
759 2565 846 2627 ab
896 2583 1134 2626 eorum
1183 2568 1531 2644 potestate
1583 2561 1948 2643 surripere,
2001 2568 2073 2624 et
2123 2562 2196 2624 in
2248 2561 2447 2626 cleri-

347 2683 583 2727 corum
632 2664 740 2726 ius
789 2664 1038 2726 iterum
1083 2662 1465 2738 traducere,
1501 2661 1827 2743 quamdiu
1869 2661 2039 2724 fides
2072 2661 2450 2725 christiana

343 2764 417 2827 in
453 2761 712 2844 Anglia
737 2762 1237 2845 perdurauerit.
1342 2761 1474 2824 Sed
1499 2768 1570 2824 et
1602 2760 1954 2824 dimidium
1987 2762 2448 2824 centuriatum

342 2862 527 2945 quod
576 2861 872 2943 Anglice
932 2867 1226 2925 uocatur
1288 2858 1865 2941 Cubburgelawes
1927 2859 2291 2937 Hundred,
2356 2860 2443 2923 ad

344 2961 527 3044 quod
572 2961 801 3026 iacent
858 2979 921 3025 L.
970 2961 1195 3036 hidae,
1239 2961 1310 3023 in
1362 2957 1872 3041 Croppaborne,
1903 2978 2077 3040 quas
2124 2957 2281 3021 offa
2320 2978 2447 3023 rex

346 3060 763 3125 Merciorum
810 3060 1156 3143 quondam
1196 3058 1493 3122 familiae
1534 3059 1606 3121 in
1635 3058 2293 3145 Weogerieceastrie
2323 3057 2445 3122 do-

344 3161 541 3223 nauit
586 3161 838 3224 liberas
873 3161 959 3223 ab
1005 3159 1192 3222 omni
1228 3159 1446 3239 regali
1492 3159 1881 3235 exactione,
1931 3177 2061 3239 ego
2104 3158 2446 3240 episcopis

342 3259 450 3322 dei
483 3261 703 3323 seruis
739 3278 893 3322 cum
925 3258 1162 3322 eadem
1205 3259 1526 3322 libertate
1562 3265 1632 3321 et
1664 3258 2044 3321 conscrib0.
2149 3256 2445 3339 Insuper

343 3359 549 3422 etiam
579 3359 667 3422 ad
700 3358 1159 3442 supplendum
1190 3357 1415 3441 ipsum
1467 3359 1954 3434 centuriatum,
1995 3357 2064 3419 id
2098 3364 2227 3433 est,
2268 3356 2473 3419 hun--

342 3457 533 3533 dred‚
578 3464 658 3521 ut
703 3475 790 3520 ex
852 3476 1006 3520 meo
1055 3457 1234 3520 dono
1293 3456 1464 3519 illud
1517 3457 1796 3537 plenum
1849 3456 2173 3531 habeant,
2222 3462 2443 3519 terras

337 3557 556 3638 ipsius
591 3556 988 3634 aecclesiae,
1021 3575 1201 3637 quae
1243 3555 1578 3618 hactenus
1624 3556 1855 3634 regiae
1899 3553 2445 3621 exactionisub-

339 3656 681 3732 iacebant,
722 3656 808 3718 ab
856 3655 986 3722 hac
1030 3655 1139 3717 die
1184 3655 1689 3737 imperpetuum
1727 3654 2033 3717 liberabo
2074 3660 2145 3717 et
2193 3654 2446 3717 liberas

340 3774 491 3818 esse
540 3754 840 3818 concedo
892 3761 964 3818 et
1026 3755 1417 3836 praecipi03
1485 3773 1604 3817 eas
1665 3753 1986 3817 uidelicet
2041 3771 2219 3834 quae
2283 3760 2447 3839 sunt

339 3853 524 3918 ultra
569 3853 859 3917 Auenae
914 3853 1191 3928 flumen,
1242 3873 1421 3936 quae
1463 3854 1616 3916 istis
1669 3852 2026 3916 uocabulis
2081 3853 2442 3916 nominan-

339 3960 473 4031 tur,
544 3953 1089 4017 Uuerabreodun
1149 3972 1304 4016 cum
1370 3952 1761 4028 Peonedoc,
1824 3951 2225 4015 Teotnitum
2286 3970 2442 4013 cum

338 4053 703 4129 Mantuae,
751 4052 1334 4133 Secgesbearnige
1366 4058 1433 4114 et
1472 4052 1546 4113 in
1578 4058 1810 4114 monte
1838 4050 2189 4123 Wittisca,
2227 4048 2444 4113 Nort-

335 4153 551 4243 syica,
599 4151 1047 4229 Eowenland,
1094 4150 1551 4234 Daeglesford,
1596 4158 1666 4213 et
1701 4150 2074 4225 Dorienne,
2122 4155 2193 4212 et
2247 4147 2444 4231 Icca-
