3044 5019
541 422 673 486 372
1008 434 1352 481 CHARTAE
1398 430 2084 479 ANGLOSAXONIGAE.

1247 587 1957 652 ccchxxxvl.

1240 737 1281 779 *
1323 685 1771 813 ΕᾸΒὰᾸΒ,
1816 735 1971 800 961.

663 885 975 969 νῙεΑΝΝο
1021 886 1406 949 dominicae
1449 885 1947 949 incarnationis
1999 900 2410 948 nocco.Lxl.
2514 884 2671 965 Ego

549 987 855 1068 Eadgar,
900 986 1138 1049 diuina
1189 984 1653 1049 allubescente
1703 983 1934 1065 gratia
1976 1003 2103 1047 rex
2142 984 2371 1047 ‘totius
2418 991 2490 1046 et
2525 984 2671 1065 pri-

551 1087 870 1149 micerius
922 1084 1266 1162 Almonis,
1318 1085 1498 1147 ruris
1551 1084 1900 1166 quandam
1945 1083 2382 1165 particulam,
2439 1084 2681 1165 quinis.

554 1184 1121 1249 subaestimatam
1160 1183 1681 1259 mansiuncuIiS,
1724 1182 1989 1265 pridem
2034 1183 2313 1264 indepte
2345 1182 2681 1246 distorte-

555 1305 688 1368 que
734 1305 777 1348 a
819 1284 1008 1348 beati
1043 1284 1237 1347 Petri
1290 1281 1658 1365 apostolici
1691 1282 1984 1363 agminis
2028 1281 2343 1363 primatis
2372 1282 2686 1345 oraculis,

555 1385 883 1460 ablatam,
916 1383 1343 1447 restituendo
1375 1388 1444 1445 et
1473 1381 1943 1464 recuperando
1976 1382 2050 1444 in
2082 1382 2236 1446 loco
2264 1381 2383 1463 qui
2416 1381 2682 1444 dicitur

558 1483 823 1547 Tottan
855 1483 1044 1559 Stoc,
1074 1482 1162 1545 ad
1194 1481 1599 1545 aecclesiam
1626 1482 1812 1544 beati
1835 1487 1906 1544 et
1936 1481 2232 1563 praefati
2264 1479 2672 1544 aecclesias-

560 1583 855 1645 ticorum
902 1582 1187 1645 cultoris
1233 1582 1597 1656 seminum,
1626 1599 1806 1663 quae
1839 1581 1979 1644 sita
2009 1581 2230 1645 fertur
2259 1579 2676 1655 Bathoniae,

561 1680 1020 1764 praecordiali
1070 1680 1323 1744 affectu
1382 1681 1764 1762 intimoque
1823 1680 2198 1761 spiramine
2266 1680 2395 1743 sub
2456 1679 2686 1742 diuini.

563 1781 836 1845 timoris
868 1781 1200 1844 instinctu
1230 1779 1544 1855 liberam,
1566 1786 1841 1861 praeter
1862 1797 2113 1857 arcem,
2131 1785 2436 1862 pontem,
2461 1797 2675 1860 expe-

568 1880 1061 1962 ditionemque,
1109 1880 1182 1942 in
1226 1885 1634 1962 perpetuum
1673 1879 1781 1941 ius
1828 1878 2123 1960 largitus
2170 1899 2347 1942 sum.
2439 1877 2690 1940 Huius,

572 1999 872 2060 namque
900 1978 1349 2060 singrapham
1383 1978 1774 2059 largitionis
1818 1978 1893 2041 in
1922 1979 2196 2041 nomine
2225 1977 2486 2041 domini
2517 1996 2683 2040 nos-

569 2080 660 2142 tri
709 2078 919 2140 Ihesu
954 2076 1214 2141 Christi
1248 2078 1350 2140 sic
1383 2077 1852 2160 praefigimuS,
1905 2086 1987 2141 ut
2038 2084 2429 2149 nostrorum
2475 2096 2680 2139 nemo

569 2196 1045 2241 successorum
1100 2176 1573 2241 Christianum
1606 2196 1814 2258 quam
1857 2177 1976 2240 diu
2015 2178 2255 2258 uigeat
2290 2177 2682 2258 imperium,

571 2276 750 2339 hanc
793 2277 907 2340 uel
950 2275 1022 2341 in
1066 2277 1390 2354 minimiS,
1445 2276 1700 2339 audeat
1746 2276 2033 2340 uiolare.
2138 2276 2344 2355 Quod
2389 2276 2451 2338 si
2497 2276 2685 2358 quiS,

573 2376 758 2460 quod
809 2395 948 2441 non
1013 2382 1359 2459 optam-uS,
1421 2378 1940 2458 praesumptiuo
1991 2376 2335 2459 peregerit
2381 2382 2687 2458 tempta-

572 2477 778 2552 mine,
812 2476 943 2541 hoc
975 2477 1049 2540 in
1078 2476 1325 2541 tetrico
1369 2475 1808 2540 infernalium
1851 2476 1998 2540 sine
2044 2476 2186 2540 ullo
2220 2474 2694 2540 refocilamine

575 2576 916 2639 sustineat
967 2577 1405 2640 cruciamine.
1534 2574 1849 2639 Huiusce
1892 2575 2285 2640 donationis
2325 2576 2693 2656 constipu-

575 2675 834 2738 latores
864 2676 1079 2738 totius
1125 2682 1481 2739 senatores
1528 2673 1866 2752 Albionis,
1914 2675 2033 2740 sed
2078 2683 2149 2739 et
2192 2675 2586 2757 specialiter
2613 2674 2689 2736 hi

579 2793 871 2857 quorum
920 2775 1204 2838 inferius
1248 2775 1528 2838 nomina
1581 2783 2029 2852 caraxantur,
2062 2775 2388 2839 unanimo
2435 2773 2693 2838 confir·

580 2873 979 2957 matiuoque
1011 2875 1513 2956 conspiramine
1541 2873 1818 2938 affuisse
1846 2875 2310 2957 perhibentur.

682 2972 835 3054 Ego
868 2973 1152 3055 Eadgar
1208 2994 1331 3037 rex
1383 2973 1563 3036 hanc
1608 2975 2149 3038 munificentiam
2197 2975 2398 3055 signo
2463 2974 2686 3036 crucis

580 3075 1130 3154 praestrinxiffl.
1237 3073 1389 3154 Ego
1420 3073 1748 3136 Dunstan
1783 3074 2338 3157 archiepiscopus
2369 3073 2687 3137 consensi

582 3177 653 3234 et
684 3173 1060 3254 subscripsi
1094 3174 1201 3253 >xm
1297 3172 1449 3253 Ego
1485 3171 1849 3257 'Cynesige
1871 3175 2242 3256 episcopus
2266 3174 2583 3239 consensi
2617 3178 2687 3235 et

583 3270 959 3351 subscripsi
988 3273 1103 3352 ᾧ.
1198 3271 1352 3351 Ego
1385 3271 1786 3335 Beorhtelm
1831 3273 2196 3355 episcopus
2244 3273 2563 3336 consensi
2618 3278 2687 3334 et

584 3369 962 3452 subscripsi
990 3372 1102 3451 ᾧ.
1240 3370 1396 3452 Ego
1444 3372 1774 3436 AElfwold
1833 3375 2198 3455 episcopus
2259 3371 2577 3435 consensi
2620 3377 2691 3434 et

584 3469 960 3551 subscripsi
992 3472 1103 3552 ᾧ.
1198 3469 1349 3551 Ego
1387 3470 1785 3535 Beorhtelm
1828 3473 2192 3555 episcopus
2234 3472 2551 3535 consensi
2621 3479 2691 3534 et

586 3569 960 3651 subscripsi
992 3571 1099 3650 ᾧ.
1221 3569 1373 3651 Ego
1437 3569 1751 3634 Osuuold
1815 3573 2180 3654 episcopus
2234 3572 2554 3635 consensi
2621 3581 2693 3634 et

586 3667 962 3749 subscripsi
1002 3670 1113 3749 ᾧ.
1162 3668 1315 3750 Ego
1363 3668 1578 3732 Osulf
1617 3669 1981 3753 episcopus
2045 3672 2359 3735 consensi
2410 3678 2482 3734 et
2527 3671 2690 3734 sub—

588 3767 833 3848 scripsi
859 3769 937 3848 ›1‹
957 3815 972 3830 .
1097 3766 1249 3849 Ego
1285 3767 1601 3831 AElfstan
1643 3770 2005 3852 episcopus
2060 3770 2377 3834 consensi
2417 3778 2486 3833 et
2528 3772 2692 3834 sub-

586 3865 832 3947 scripsi
860 3866 972 3946 ›1‹.
1065 3866 1219 3947 Ego
1284 3866 1535 3931 Wlfric
1593 3869 1967 3952 episcopus.
2012 3871 2330 3934 consensi
2393 3876 2465 3933 et
2528 3871 2695 3933 sub-

588 3965 833 4047 scripsi
865 3967 943 4046 ›1‹
962 4013 976 4028 .
1097 3965 1249 4047 Ego
1287 3965 1639 4032 Leofwine
1678 3966 2044 4051 episcopus
2077 3970 2392 4034 consensi
2425 3975 2495 4032 et
2528 3971 2694 4032 sub-

589 4064 836 4146 scripsi
869 4064 980 4146 ›1⁴.
1118 4064 1302 4145 Ego
1342 4065 1662 4130 AElfhere
1710 4068 1856 4132 dux
1885 4071 1996 4151 ᾧ.
2135 4069 2287 4150 Ego
2356 4068 2695 4132 AElfheah

588 4164 734 4226 dux
768 4166 879 4245 ᾧ.
986 4163 1140 4246 Ego
1207 4165 1566 4250 AEpelstan
1641 4168 1786 4231 dux
1819 4168 1930 4250 ᾧ.
2072 4169 2226 4251 Ego
2281 4168 2697 4254 AEpelmund
