3044 5019
557 414 686 487 196
1049 427 1394 475 anR'rAss
1439 422 2126 475 ANomsAxochn.

558 588 777 653 ritas.
812 586 921 651 his
954 585 1246 651 testibus
1293 587 1621 650 roborata
1667 592 1944 650 constat
1988 605 2281 670 quorum
2333 587 2658 654 nomina.
2678 619 2682 621 *

559 690 860 757 subtuS.
896 673 1360 751 caracteribus
1391 686 1666 769 depicta
1702 693 2159 766 annotantur3

674 792 752 871 »14
796 789 950 870 Ego
995 787 1404 872 aepelstanus
1468 786 1839 868 singularis
1900 786 2299 870 priuilegii.
2330 751 2669 851 ierarchia

557 889 868 972 preditus
900 907 1069 960 rex.
1093 886 1298 950 huius
1328 886 1614 950 indiculi
1635 905 1922 951 acumen
1945 906 2101 956 cum
2129 888 2329 969 signo
2351 889 2468 951 sce
2488 905 2666 950 sem-

562 1009 823 1073 perque
858 987 1209 1082 adorande
1239 986 1517 1054 crucis.
1554 986 2047 1051 corroboraui.
2081 995 2151 1052 et
2182 952 2582 1070 subscripsi.

677 1094 755 1173 »14
800 1090 954 1171 Ego
1004 1087 1447 1151 wulfhelmus
1482 1086 2008 1154 dorobernensis
2059 1085 2208 1153 ecie
2252 1086 2671 1169 archiepiscs

563 1190 880 1257 consensi
911 1195 981 1256 et
1012 1186 1408 1270 subscripsi.

677 1295 755 1374 »14
811 1290 964 1371 Ego
1019 1288 1502 1353 wulfstanus.
1546 1286 1982 1351 eboracensis
2033 1285 2183 1351 ecie
2256 1284 2675 1375 archiepiscs

566 1390 882 1457 consensi
910 1396 980 1453 et
1011 1388 1409 1470 subscripsi.

678 1495 756 1574 »14
781 1489 933 1571 Ego
964 1488 1261 1552 howael.
1295 1485 1709 1566 subregulus
1743 1486 2060 1551 consensi
2086 1493 2157 1551 et
2184 1485 2585 1568 subscripsi.

677 1593 755 1672 »14
782 1590 934 1672 Ego
961 1586 1213 1653 iubwal
1237 1587 1651 1669 subregulus
1682 1575 1998 1651 consensi
2026 1595 2097 1657 et
2126 1585 2527 1668 subscripsi.

676 1735 1246 1758 ...........
1283 1686 1697 1770 subregulus
1729 1688 2046 1756 consensi
2074 1692 2144 1751 et
2171 1684 2575 1768 subscripsi.
2634 1739 2639 1744 .

684 1795 762 1874 »14
786 1792 939 1872 Ego
969 1788 1278 1854 teowdor
1301 1836 1317 1852 .
1344 1788 1757 1869 subregulus
1784 1787 2101 1851 consensi
2130 1794 2201 1850 et
2230 1786 2638 1869 subscripsi.

685 1895 763 1974 »14
787 1891 938 1972 Ego
971 1888 1268 1954 aelfwine
1290 1936 1305 1952 .
1327 1888 1692 1971 episcopus
1716 1935 1732 1952 .
1753 1886 2072 1957 consensi
2106 1893 2177 1951 et
2204 1887 2605 1969 subscripsi.

610 2052 617 2062 ,
685 1993 766 2073 »14
789 1991 943 2072 Ego
974 1988 1246 2058 eadulfe
1273 2036 1289 2052 .
1315 1989 1684 2071 episcopus
1711 2035 1726 2051 .
1751 1987 2108 2056 consensi.
2133 1993 2205 2058 et
2237 1987 2638 2070 subscripsi.

683 2095 764 2175 »14
789 2091 943 2173 Ego
976 2088 1285 2158 cenwald
1310 2136 1325 2154 .
1352 2089 1717 2172 episcopus
1742 2135 1760 2159 .
1783 2088 2099 2151 consensi
2124 2134 2138 2148 .
2161 2094 2233 2151 et
2254 2088 2657 2170 subscripsi.
2700 2153 2705 2154 ff

685 2197 767 2275 »14
790 2191 943 2273 Ego
960 2189 1321 2258 biornstan
1348 2236 1364 2252 .
1387 2189 1788 2271 episcopus.
1812 2187 2130 2251 consensi
2157 2235 2173 2254 .
2193 2194 2264 2258 et
2281 2186 2680 2270 subscripsi.

691 2299 769 2378 »14
793 2291 946 2374 Ego
972 2288 1254 2360 §iodred
1277 2337 1293 2352 .
1315 2289 1683 2372 episcopus
1711 2336 1726 2352 .
1753 2289 2104 2353 consensi.
2125 2293 2197 2356 ct
2224 2288 2627 2371 subscripsi.

690 2399 768 2478 »14
790 2393 946 2478 Ego
975 2388 1293 2480 wulfhun
1318 2436 1333 2460 .
1359 2388 1724 2472 episcopus
1750 2435 1764 2450 .
1786 2388 2143 2458 consensi.
2169 2394 2240 2452 et
2267 2389 2665 2471 subscripsi.

687 2498 765 2578 »14
788 2492 941 2574 Ego
972 2490 1282 2574 wynsige
1305 2489 1711 2573 „episcopus
1738 2537 1754 2553 .
1777 2487 2094 2561 consensi
2121 2537 2137 2554 .
2160 2495 2231 2553 et
2260 2489 2666 2573 subscripsi.

610 2641 620 2647 -
686 2600 764 2679 »14
787 2594 941 2675 Ego
974 2590 1209 2656 aelfred
1231 2638 1248 2660 .
1274 2591 1642 2673 episcopus
1671 2637 1688 2653 .
1711 2590 2027 2654 consensi
2055 2637 2071 2654 .
2098 2595 2170 2653 et
2200 2589 2605 2672 subscripsi.
2659 2654 2662 2658 ,

687 2699 769 2779 »14
792 2692 945 2775 Ego
975 2689 1260 2759 tidhelm
1283 2739 1299 2756 .
1321 2690 1722 2773 episcopus.
1748 2690 2100 2754 consensi.
2128 2696 2199 2754 et
2224 2690 2631 2772 subscripsi.

688 2800 766 2882 »14
788 2793 942 2875 Ego
974 2790 1251 2858 burhric
1279 2838 1294 2854 .
1321 2790 1688 2873 episcopus
1714 2835 1727 2851 .
1750 2789 2112 2855 consensi.
2139 2796 2210 2854 et
2244 2790 2650 2873 subscripsi.

617 2955 626 2962 ,
687 2900 765 2982 »14
789 2895 943 2976 Ego
977 2890 1212 2955 aelfred
1235 2939 1251 2956 .
1282 2889 1649 2979 episcopus
1672 2937 1687 2952 .
1712 2889 2069 2961 consensi.
2092 2896 2163 2954 et
2190 2889 2597 2972 subscripsi.

687 3000 765 3082 »14
788 2995 943 3075 Ego
973 3011 1197 3056 conan
1221 3040 1236 3056 .
1260 2991 1629 3074 episcopus
1653 3037 1668 3054 .
1697 2990 2013 3063 consensi
2043 3038 2058 3054 .
2081 2996 2152 3054 et
2176 2989 2582 3072 subscripsi.

687 3100 765 3182 »14
788 3095 941 3174 Ego
959 3091 1318 3161 wulfhelm
1342 3139 1357 3155 .
1384 3090 1751 3173 episcopus
1774 3138 1790 3154 .
1804 3090 2121 3155 consensi
2147 3138 2165 3155 .
2186 3096 2255 3153 et
2273 3090 2679 3174 subscripsi.

689 3200 767 3279 »14
790 3194 942 3275 Ego
970 3192 1254 3275 cynsige
1278 3240 1294 3257 .
1314 3191 1681 3274 episcopus
1703 3236 1719 3252 .
1744 3190 2099 3255 consensi.
2121 3197 2192 3254 et
2222 3191 2629 3274 subscripsi.

623 3358 626 3361 ,
690 3299 768 3378 »14
791 3294 943 3376 Ego
975 3291 1185 3356 wired
1216 3340 1232 3355 .
1258 3293 1661 3375 episcopus.
1688 3291 2039 3354 consensi.
2066 3297 2137 3354 et
2164 3291 2563 3373 subscripsi.

688 3399 766 3481 »14
790 3395 947 3477 Ego
974 3391 1262 3456 saexelm
1290 3439 1306 3455 .
1327 3391 1693 3475 episcopus
1717 3437 1731 3452 .
1754 3391 2110 3456 consensi.
2136 3397 2207 3455 et
2237 3392 2640 3475 subscripsi.

687 3499 765 3581 »14
789 3495 943 3577 Ego
975 3492 1315 3557 aescberht
1337 3540 1353 3556 .
1377 3490 1745 3574 episcopus
1769 3539 1785 3555 .
1810 3490 2169 3555 consensi.
2192 3498 2261 3555 et
2279 3492 2687 3576 subscripsi.

688 3601 766 3680 »14
789 3595 942 3677 Ego
974 3591 1232 3665 ordheh
1255 3640 1271 3657 .
1293 3590 1361 3654 fii
1388 3639 1404 3656 .
1430 3591 1750 3655 consensi
1777 3640 1792 3665 .
1817 3598 1889 3656 et
1914 3591 2311 3673 subscripsi.

687 3699 765 3778 »14
789 3695 943 3776 Ego
971 3692 1250 3775 aelfgar.
1279 3690 1344 3754 iii
1374 3739 1390 3756 .
1414 3691 1733 3762 consensi
1762 3739 1776 3754 .
1803 3698 1874 3755 et
1905 3690 2303 3773 subscripsi.

689 3800 767 3879 »14
791 3795 944 3875 Ego
973 3789 1276 3858 aesselelm
1308 3840 1322 3855 .
1350 3790 1417 3855 ffi
1436 3839 1464 3862 ‚.
1488 3791 1808 3855 consensi
1839 3840 1854 3859 .
1877 3797 1949 3855 et
1979 3790 2376 3873 subscripsi.

688 3899 766 3981 »14
789 3894 943 3975 Ego
975 3889 1326 3963 aesselwold
1349 3939 1364 3955 .
1387 3890 1454 3955 ffi
1480 3939 1495 3955 .
1528 3891 1841 3961 consensi
1870 3939 1886 3955 .
1913 3898 1983 3955 et
2014 3891 2416 3974 subscripsi.

688 3999 766 4081 »14
790 3994 944 4081 Ego
977 3992 1266 4081 eadstan
1291 4039 1306 4055 .
1334 3989 1399 4053 ffi
1426 4040 1438 4055 .
1461 3991 1778 4055 consensi
1803 4039 1818 4055 .
1845 3999 1915 4056 et
1934 3991 2338 4072 subscripsi.

687 4100 765 4179 »14
788 4095 941 4176 Ego
971 4089 1232 4156 aeiiered
1262 4141 1276 4156 .
1300 4090 1365 4153 fii
1391 4140 1407 4156 .
1432 4093 1749 4155 consensi
1778 4139 1792 4154 .
1818 4098 1889 4155 et
1920 4091 2315 4174 subscripsi.

687 4200 765 4279 »14
787 4195 941 4277 Ego
972 4190 1185 4259 aelfric
1208 4240 1223 4256 .
1247 4191 1460 4256 abbas
1488 4239 1502 4254 .
1527 4191 1883 4265 consensi.
1906 4199 1976 4256 et
2005 4191 2402 4274 subscripsi.
