3044 5019
949 472 1293 521 anR‘rAE
1339 476 2026 531 ANcLosAxochE.
2382 469 2517 533 373

405 624 549 689 dux
586 629 696 709 ᾧ.
822 627 976 710 Ego
1042 631 1422 714 AEPelwold
1468 634 1614 696 dux
1646 636 1758 715 ᾧ.
1895 636 2047 719 Ego
2116 639 2510 706 Beorhtn05

405 724 549 788 dux
605 728 716 807 ᾧ.
845 727 999 810 Ego
1058 730 1383 795 AElfwine
1443 734 1756 798 minister
1797 738 1908 818 ›1‹.
2027 737 2180 820 Ego
2235 740 2512 823 AElfgar

397 824 713 889 minister
766 828 878 908 ᾧ.
1014 828 1165 911 Ego
1239 831 1646 897 Beorhtferb
1717 836 2030 900 minister
2095 841 2207 920 ᾧ.
2353 841 2505 924 Ego

404 923 671 988 Eanulf
688 927 1002 990 minister
1037 931 1148 1011 >xm
1255 929 1408 1011 Ego
1443 932 1833 997 Wulfhelm
1865 935 2178 1001 minister
2208 941 2320 1020 ᾧ.

1076 1226 1826 1293 σοοοιΧΧΧνΠ.

1113 1344 1557 1454 ΕᾸΒῦᾸΒ,
1602 1377 1755 1442 961.

713 1524 977 1591 ALMUS
1012 1527 1226 1590 totius
1269 1527 1483 1590 cosmi
1534 1526 1814 1591 fabricae
1849 1527 2165 1592 conditor
2198 1548 2501 1613 superna

402 1536 982 1787 {intimaque
1047 1626 1220 1689 miro
1298 1625 1763 1708 ineffabilique
1841 1627 2079 1690 ordine
2151 1630 2498 1696 collocans

608 1725 950 1789 homiuem
982 1726 1390 1789 tantundem
1414 1725 1863 1807 quadriformi
1898 1727 2312 1807 plasmatum
2349 1751 2495 1795 ma-

393 1821 568 1888 teria
631 1827 752 1889 sco
817 1827 903 1889 ad
972 1827 1080 1889 sui
1155 1824 1671 1888 similitudinem
1745 1827 2153 1907 inspiratum
2219 1827 2496 1893 flamine

393 1926 657 1987 cunctis
684 1945 839 2007 quae
883 1926 955 1988 in
1013 1925 1264 1988 infimis
1316 1932 1677 1988 creauerat
1726 1944 1864 1987 uno
1909 1926 2243 2007 probandi
2282 1947 2495 1994 causa

377 2032 683 2106 vexcepto
733 2026 1088 2108 uetitoque
1137 2025 1493 2106 preficiens
1550 2025 1982 2106 paradisiace
2046 2026 2493 2093 iocunditatis

389 2125 762 2187 amenitate
826 2144 981 2188 cum
1045 2142 1173 2187 sua
1234 2125 1434 2206 &iuge
1483 2124 2025 2188 luculentissime
2076 2128 2437 2192 constituit
2474 2178 2491 2193 .

386 2222 525 2301 Qui
579 2246 632 2310 ,p
681 2223 878 2287 dolor
926 2224 1325 2287 demoniaco
1379 2225 1747 2287 instinctus
1792 2225 2162 2307 spiramine
2226 2227 2358 2290 sibi
2408 2247 2490 2292 ac

384 2324 685 2404 posteris
737 2324 810 2387 in
866 2323 995 2387 hoc
1052 2342 1463 2405 erumpnoso
1515 2323 1823 2386 deiectus
1873 2324 2154 2386 saeculo
2197 2335 2488 2396 mortem

381 2423 758 2503 promeruit
786 2430 1215 2506 perpetuam.
1282 2422 1747 2500 Quamobrem
1782 2440 1913 2502 ego
1934 2421 2246 2503 Eadgar.
2272 2426 2488 2489 totius

379 2523 797 2587 brittanniae
830 2525 1251 2604 gubernator
1294 2532 1365 2586 et
1407 2530 1635 2587 rector
1673 2529 1751 2585 ut
1796 2522 2001 2586 huius
2034 2523 2349 2588 miseriae
2377 2546 2486 2589 re-

379 2622 710 2703 pagulum
766 2623 902 2706 quii
959 2623 1434 2705 protoplastus
1503 2623 1825 2687 inretitus
1888 2625 2265 2705 promeruit
2308 2673 2328 2691 .
2370 2626 2486 2689 diii

378 2723 478 2784 n'fi
509 2720 629 2786 ihu
659 2719 779 2808 xpi
809 2723 1036 2804 gratia
1064 2723 1457 2804 redemptus
1494 2722 1787 2787 euadere
1821 2741 2068 2804 queam
2103 2771 2118 2787 .
2138 2726 2483 2807 quandam

376 2822 554 2885 ruris
586 2823 996 2903 particulam
1037 2839 1253 2886 .xxn.
1287 2821 1609 2885 uidelicet
1642 2829 1952 2886 cassatos
1984 2822 2137 2885 loco
2156 2825 2273 2904 qui
2306 2825 2483 2889 cele-

376 2920 480 2984 bri
519 2970 535 2985 .
567 2921 950 2986 Rimecuda
984 2970 1000 2986 .
1039 2916 1392 3003 nuncupat
1423 2928 1745 2985 onomate
1789 2921 2306 2985 abbandunensi
2347 2943 2479 2987 aec-

376 3020 626 3085 clesiae
673 3023 918 3085 beatae
986 3019 1055 3084 di
1122 3022 1453 3103 genetrici
1505 3040 1845 3103 semperq.
1911 3021 2165 3100 uirgini
2221 3023 2479 3087 mariae

376 3119 790 3184 honorificae
822 3121 1049 3221 dicate
1102 3121 1190 3184 ad
1241 3119 1734 3184 monachorum
1781 3139 1950 3183 usus
1997 3120 2166 3183 inibi
2202 3121 2478 3202 regula-

373 3213 463 3282 rit
535 3220 930 3301 degentium
999 3222 1205 3301 d'fioq.
1274 3241 1395 3284 nro
1464 3220 1715 3284 deuote
1792 3219 2238 3284 seruientium
2318 3240 2475 3288 cum

372 3320 687 3384 omnibus
721 3321 1130 3383 utensilibus
1178 3339 1356 3404 quae
1410 3317 1492 3383 ds
1543 3320 1845 3384 celorum
1893 3320 1967 3383 in
2022 3320 2176 3402 ipsa
2208 3321 2476 3385 telluris

371 3419 585 3483 edidit
623 3419 984 3502 superficie
1040 3421 1258 3502 pratis
1310 3420 1635 3483 uidelicet
1685 3420 1963 3501 pascuis
2018 3420 2214 3482 siluis
2260 3420 2474 3485 silua-

279 3517 289 3525 '
369 3539 591 3601 rumq.
669 3538 1024 3582 nemorum
1111 3526 1371 3582 aeterna
1452 3519 1748 3599 largitus
1828 3537 1984 3581 sum
2066 3516 2472 3584 hereditate.

368 3617 474 3682 Sit
510 3622 671 3683 aute
724 3619 1106 3700 predictum
1163 3637 1282 3680 rus
1339 3619 1525 3679 omni
1578 3624 1846 3680 terrene
1896 3616 2252 3680 seruitutis
2303 3617 2472 3701 iugo

365 3717 653 3781 liberum
702 3719 861 3797 trib;
915 3718 1228 3799 exceptis
1284 3722 1440 3779 rata
1474 3715 1798 3779 uidelicet
1829 3715 2269 3797 expeditione
2292 3737 2469 3800 pon-

366 3818 457 3880 tis
509 3818 775 3881 arcisue
826 3817 1352 3881 restauratione.
1478 3815 1554 3879 Si
1605 3816 1759 3898 quis
1815 3822 2045 3878 autem
2107 3816 2299 3880 n‘fam
2349 3818 2472 3882 do-

365 3916 713 3980 nationem
745 3918 818 3979 in
853 3916 1041 3979 aliud
1076 3936 1283 3999 quam
1329 3916 1724 3978 cstituimus
1756 3915 2127 3978 transferre
2172 3916 2473 3982 uoluerit

361 4018 677 4098 priuatus
710 4016 1057 4080 consortio
1090 4033 1206 4078 sce
1233 4013 1302 4078 di
1338 4014 1669 4078 ecclesiae
1703 4015 1979 4077 aeternis
2023 4014 2386 4081 barathri'
2367 4036 2473 4078 111-

361 4117 620 4180 cendiis
652 4116 967 4197 lugubris
1003 4082 1258 4196 iugiter
1293 4133 1449 4177 cum
1487 4114 1652 4176 iuda
1687 4111 1806 4199 xpi
1849 4113 2199 4195 proditore
2248 4114 2471 4197 eiusq.

360 4217 811 4300 complicibus
831 4215 1205 4298 puniatur.
1233 4214 1292 4278 si
1330 4234 1466 4278 non
1499 4212 1972 4277 satisfactione
2003 4211 2472 4279 emendauerit
