3044 5019
883 444 1227 492 anRrAE
1273 443 1960 492 ANGLOSAXONJOAE.
2338 431 2463 494 371

1078 697 1754 765 ccchxxxv.

1056 848 1097 890 *
1129 816 1570 929 EADWIG,
1609 850 1763 915 961.

462 999 540 1081 ›1‹
593 996 811 1062 ANNo
861 997 1244 1061 dominicae
1302 998 1801 1062 incarnationis
1867 1013 2274 1062 Dccccmxl.
2330 1018 2461 1079 ego

355 1098 671 1179 Eadwig‚
702 1098 939 1162 diuina
987 1096 1454 1162 allubescente
1499 1099 1731 1180 gratia
1781 1115 1906 1160 rex
1942 1097 2159 1160 totius
2200 1104 2271 1160 et
2317 1100 2459 1179 pri-

351 1198 667 1261 micerius
700 1194 1046 1274 Albionis,
1110 1198 1290 1261 ruris
1349 1198 1696 1279 quandam
1733 1196 2168 1278 particulam,
2235 1197 2462 1279 quinis

350 1297 918 1360 subaestimatam
964 1296 1483 1373 mansiunculis,
1540 1297 1803 1379 pridem
1856 1295 2137 1377 indepte
2206 1295 2458 1359 distor-

350 1403 556 1477 teque
589 1415 633 1459 a
663 1396 852 1459 beati
887 1395 1082 1459 Petri
1126 1396 1424 1484 apostoli
1460 1396 1756 1475 agminis
1796 1394 2112 1478 primatis
2174 1395 2457 1459 oraculo

350 1495 680 1572 ablatam,
711 1494 1139 1559 restituendo
1173 1501 1244 1558 et
1272 1495 1743 1577 recuperando
1770 1497 1844 1558 in
1875 1495 2028 1559 loco
2062 1494 2181 1575 qui
2206 1494 2459 1562 dicitur

350 1601 465 1658 aet
495 1594 861 1672 Westune,
894 1596 982 1659 ad
1024 1594 1429 1658 aecclesiam
1456 1595 1645 1659 beati
1689 1601 1761 1659 et
1798 1594 2094 1676 praefati
2126 1593 2455 1658 aecclesi-

349 1694 722 1757 asticorum
741 1694 1027 1757 cultoris
1049 1694 1409 1771 seminum,
1432 1713 1613 1775 quae
1644 1693 1782 1757 sita
1802 1694 2020 1756 fertur
2043 1693 2456 1771 Bathoniae,

346 1792 799 1875 praecordiali
842 1793 1093 1858 affectu
1123 1793 1501 1876 intimoque
1532 1793 1905 1875 spiramine
1939 1793 2070 1855 sub
2115 1790 2334 1854 diuini
2366 1793 2454 1854 ti-

348 1893 560 1956 moris
589 1893 923 1956 instinctu
954 1893 1266 1968 liberam,
1301 1899 1578 1974 praeter
1610 1911 1862 1968 arcem,
1897 1897 2201 1973 pontem,
2243 1909 2454 1972 expe-

348 1991 839 2081 ditionemque.
878 1992 950 2054 in
997 1998 1407 2074 perpetuum
1445 1992 1556 2056 ius
1594 1992 1890 2073 largitus
1936 2010 2114 2054 sum.
2182 2032 2186 2036 -
2219 1988 2456 2053 Huius

349 2110 652 2173 namun
698 2090 1145 2173 singrapham
1198 2110 1672 2155 successorum
1713 2090 2161 2155 christianum
2211 2109 2453 2171 quam-

346 2190 461 2254 diu
508 2191 747 2273 uigeat
789 2191 862 2256 in
911 2197 1319 2273 perpetuum
1362 2190 1541 2255 hanc
1590 2190 1700 2254 uel
1749 2191 1822 2254 in
1865 2190 2163 2253 minimis
2203 2189 2457 2253 audeat

344 2284 657 2354 uiolare.¹
742 2289 949 2368 Quod
981 2290 1041 2354 si
1074 2290 1256 2372 quis,
1277 2290 1461 2372 quod
1494 2309 1635 2354 non
1667 2295 2012 2371 optamus,
2047 2307 2452 2370 praesump—

347 2390 494 2453 tiuo
543 2390 889 2472 peregerit
932 2389 1400 2471 temptamine,
1445 2388 1576 2453 hoc
1614 2390 1686 2451 in
1728 2388 1973 2451 tetrico
2012 2386 2450 2450 infernalium

347 2489 495 2554 sine
540 2489 685 2554 ullo
729 2488 1193 2553 refocilamine
1232 2489 1577 2553 sustineat
1609 2486 2049 2552 cruciamine.
2140 2484 2454 2551 Huiusce

347 2589 743 2654 donationis
804 2589 1383 2672 constipulatores
1431 2589 1646 2652 totius
1711 2594 2067 2651 senatores
2111 2584 2454 2663 Albionis,

346 2689 469 2753 sed
502 2696 573 2754 et
603 2689 994 2772 specialiter
1021 2689 1092 2752 hi
1125 2707 1419 2770 quorum
1460 2687 1745 2751 inferius
1788 2686 2070 2751 nomina
2109 2705 2449 2750 caraxan-

346 2795 483 2865 tur,
549 2788 877 2853 unanimo
937 2787 1552 2870 confirmatiuoque
1617 2785 2120 2868 conspiramine
2171 2785 2450 2850 affuisse

345 2887 811 2968 perhibentur.

450 2987 604 3068 Ego
661 2986 954 3068 Eadwig
1008 3006 1130 3050 rex
1193 2983 1583 3066 Anglorum
1627 2985 1758 3048 hoc
1805 2983 2060 3046 donum
2119 3000 2275 3044 cum
2326 2983 2450 3044 tri-

349 3087 605 3168 umpho
631 3092 914 3151 sanctae
944 3087 1022 3169 ›1‹
1064 3074 1402 3167 impressi.
1430 3143 1432 3147 ,
1506 3083 1661 3165 Ego
1690 3082 1971 3164 Eadgar
2003 3079 2268 3143 indoles
2301 3100 2452 3144 cor-

347 3185 669 3250 roboraui
700 3187 778 3267 ›1‹
796 3233 812 3249 .
918 3185 1072 3267 Ego
1107 3185 1262 3250 Odo
1297 3183 1858 3265 archiepiscopus
1891 3180 2297 3262 consignaui
2335 3183 2413 3263 ›1‹
2430 3228 2448 3244 .

351 3284 503 3367 Ego
565 3285 864 3367 AElfsige
914 3285 1280 3367 episcopus
1341 3284 1660 3347 consensi
1692 3285 1770 3364 ›1‹
1791 3329 1807 3345 .
1946 3280 2098 3363 Ego
2166 3279 2453 3362 Oscytel

349 3385 713 3467 episcopus
739 3385 1000 3450 dictaui
1028 3386 1106 3466 ›1‹
1124 3431 1140 3447 .
1246 3382 1401 3464 Ego
1425 3382 1764 3446 Brihtelm
1782 3381 2147 3463 episcopus
2168 3379 2313 3442 faui
2341 3382 2419 3462 ›1‹
2437 3428 2453 3444 .

349 3483 503 3566 Ego
528 3484 781 3548 Daniel
803 3485 1167 3566 episcopus
1189 3481 1568 3563 subscripsi
1589 3483 1667 3563 ›1‹
1684 3528 1699 3544 .
1808 3479 2163 3563 AEpelstan
2180 3476 2320 3542 dux
2340 3480 2418 3560 ›1‹
2436 3526 2451 3542 .

320 3582 715 3648 ‘Eadmund
742 3583 886 3648 dux
918 3584 996 3666 ›1‹
1012 3631 1029 3646 .
1134 3581 1397 3645 AElfere
1419 3580 1565 3644 dux
1586 3581 1664 3660 ›1‹
1683 3627 1700 3642 .
1807 3576 2152 3661 AEpelsige
2170 3576 2316 3639 dux
2338 3579 2416 3658 ›1‹
2435 3625 2451 3641 .

350 3679 760 3746 AEbelmund
794 3683 939 3746 dux
971 3685 1083 3765 >xm
1189 3679 1571 3766 AEpelwold
1601 3678 1746 3742 dux
1781 3679 1887 3759 >xm
1995 3675 2294 3758 AElfsige
2325 3678 2453 3739 mi-

349 3782 568 3846 nister
601 3784 679 3866 ›1‹
696 3830 712 3846 .
848 3779 1218 3865 Byrhtferb
1269 3781 1584 3844 minister
1612 3781 1722 3863 ἧς.
1829 3774 2161 3842 AElfheah
2216 3775 2453 3839 minis-

346 3888 456 3945 ter
494 3882 605 3964 ᾧ.
734 3881 1101 3967 AEpelmaer
1144 3880 1458 3943 minister
1492 3880 1571 3959 ›1‹
1588 3926 1605 3943 .
1735 3875 2145 3962 AEpelgeard
2209 3875 2451 3937 minis-

348 3987 456 4043 ter
483 3983 588 4063 »1«.
697 3981 1025 4046 AElfwine
1056 3980 1369 4043 minister
1400 3980 1478 4059 ›1‹
1497 4025 1513 4041 .

887 4134 904 4166 ¹
940 4137 1024 4186 Sic
1046 4135 1160 4185 MS.
1180 4151 1195 4196 ς
1227 4136 1320 4184 but
1340 4148 1424 4183 see
1448 4134 1532 4182 the
1556 4138 1676 4182 next
1701 4134 1914 4183 charter.

2018 4291 2242 4335 .2n2
