3044 5019
619 424 751 489 212
1097 438 1443 487 CHARTAE
1491 435 2174 485 ANGLOSAXONIGAE.
2260 430 2273 450 ·

624 596 769 659 suis
822 595 1004 678 apud
1056 594 1451 670 Muleborn,
1496 601 1567 657 et
1619 594 1922 675 quinque
1977 593 2160 675 apud
2205 591 2621 669 Wonlonde,
2666 600 2734 655 et

625 704 767 760 tres
820 695 1003 777 apud
1063 692 1509 758 Fromemube
1569 694 1751 776 apud
1804 694 2099 758 insulam
2149 711 2326 774 quae
2368 692 2620 756 dicitur
2667 693 2737 760 la

629 796 765 872 Ye,
796 796 969 858 duas
1003 796 1076 857 in
1107 795 1279 857 mari
1322 803 1391 858 et
1423 813 1632 862 unam
1672 795 1745 856 in
1793 802 2002 870 terra,
2042 794 2305 856 scilicet
2355 792 2538 875 apud
2572 791 2737 869 Ore,

626 903 697 959 et
746 902 885 958 tres
937 895 1131 976 apud·
1154 894 1397 977 Clyue,
1450 902 1606 959 cum
1656 901 1857 975 prato
1906 894 2156 957 ibidem
2201 893 2614 975 pertinente,
2644 900 2738 960 et

627 1003 769 1060 tres
797 995 978 1077 apud
1006 994 1366 1058 Liscombe
1406 1001 1476 1059 et
1510 994 1883 1069 dimidiam,
1915 1001 1986 1057 et
2018 1013 2226 1060 unam
2257 994 2442 1075 apud
2472 992 2735 1056 Borde-

625 1096 916 1171 lestone,
963 1102 1032 1157 et
1081 1114 1290 1158 unam
1336 1093 1519 1182 apud
1570 1092 2039 1175 Litelepidele‚
2089 1101 2159 1156 et
2201 1094 2490 1174 triginta
2552 1092 2735 1174 apud

629 1195 981 1280 Sidelyng,
1014 1202 1085 1258 et
1115 1195 1417 1277 quinque
1464 1194 1647 1275 apud
1696 1192 1936 1270 Stoke,
1968 1200 2038 1257 et
2082 1211 2208 1256 sex
2257 1193 2441 1274 apud
2477 1192 2735 1274 Cump-

632 1303 796 1359 tone
840 1302 911 1358 et
942 1294 1116 1357 duas
1158 1294 1339 1377 apud
1394 1292 1945 1374 Chelmingtone,
1991 1300 2062 1356 et
2107 1313 2234 1356 sex
2283 1292 2466 1375 apud
2510 1291 2736 1373 Hyle-

630 1395 792 1470 feld,
851 1402 920 1457 et
976 1395 1278 1476 quinque
1358 1393 1543 1475 apud
1618 1393 2097 1474 Osmingtone,
2166 1400 2237 1457 et
2303 1393 2477 1455 duas
2554 1392 2737 1474 apud

633 1493 1124 1577 Wydecombe,
1154 1501 1225 1558 et
1267 1513 1394 1556 sex
1439 1493 1622 1575 apud
1670 1492 2113 1570 Holewurbe,
2158 1500 2229 1556 et
2273 1493 2507 1556 decem
2553 1492 2735 1573 apud

633 1592 1077 1670 Stokelonde,
1132 1601 1201 1657 et
1259 1594 1750 1658 monasterium
1813 1601 1883 1655 et
1955 1592 2354 1657 abbathiam
2409 1593 2494 1656 de
2549 1592 2733 1655 Mid-

631 1693 930 1757 deltone.
1035 1693 1128 1757 Et
1173 1713 1304 1773 ego
1340 1692 1500 1756 uolo
1540 1694 1722 1775 quod
1772 1700 1924 1757 tota
1970 1694 2109 1757 ista
2147 1701 2354 1769 terra,
2385 1712 2541 1755 cum
2581 1713 2732 1779 per-

633 1793 945 1857 tinentiis
999 1794 1143 1856 suis
1192 1800 1263 1856 et
1309 1793 1745 1857 libertatibus
1794 1793 2110 1856 omnibus
2162 1800 2232 1860 et
2277 1792 2511 1857 liberis
2573 1813 2732 1856 con-

633 1894 1130 1970 suetudinibuS,
1161 1912 1368 1975 quam
1412 1912 1539 1975 pro
1575 1894 1800 1957 salute
1840 1894 2112 1957 animae
2159 1912 2352 1960 meae
2402 1900 2473 1956 et
2513 1893 2733 1955 salute

635 1995 1026 2056 animarum·
1063 1993 1578 2076 progenitorum
1640 2001 1710 2057 et
1756 2012 2227 2058 successorum
2277 2012 2583 2058 meorum
2631 2013 2733 2056 re-

634 2113 799 2174 gum
843 2091 1143 2173 Angliae
1192 2094 1611 2156 monasterio
1670 2099 1740 2157 et
1784 2093 2149 2157 abbathiae
2199 2093 2593 2175 praedictae
2654 2094 2734 2156 de

637 2192 1067 2257 Middeltone
1109 2194 1183 2255 in
1228 2212 1470 2275 puram
1501 2200 1574 2257 et
1599 2200 2002 2274 perpetuam
2048 2193 2490 2257 elemosinam
2535 2193 2623 2256 do
2668 2201 2736 2256 et

640 2292 963 2370 concede,
990 2294 1080 2357 sit
1127 2293 1300 2356 adeo
1345 2292 1563 2355 libera
1606 2294 1679 2355 in
1722 2293 2040 2355 omnibus
2083 2293 2285 2357 rebus
2324 2313 2479 2356 cum
2530 2294 2738 2375 perti-

636 2393 888 2456 nentiis
917 2393 1170 2474 ubique
1195 2392 1268 2454 in
1302 2412 1514 2473 regno
1543 2391 1865 2474 Angliae,
1897 2393 2076 2457 sicut
2103 2405 2257 2456 mea
2293 2393 2574 2475 propria
2616 2392 2735 2456 do-

636 2492 890 2556 minica
934 2501 1141 2556 terra.
1233 2492 1325 2557 Et
1355 2491 1641 2557 firmiter
1676 2491 2047 2575 praecipio,
2086 2493 2158 2557 in
2201 2494 2475 2560 nomine
2520 2494 2736 2557 omni-

627 2592 941 2675 potentis
971 2593 1081 2656 dei
1114 2592 1347 2656 Patris
1376 2601 1446 2657 et
1477 2593 1638 2657 Filii
1671 2602 1741 2656 et
1771 2591 2070 2674 Spiritus
2104 2592 2365 2670 Sancti,
2394 2594 2577 2675 quod
2603 2595 2739 2658 ista

635 2692 920 2756 donatio
969 2712 1145 2769 mea,
1177 2693 1556 2771 concessio,
1605 2699 1675 2757 et
1713 2693 2099 2776 praesentis
2150 2694 2447 2776 paginae
2491 2695 2737 2760 confir-

636 2792 874 2868 matio,
934 2792 1202 2859 illibata
1256 2794 1349 2857 sit
1408 2801 1478 2856 et
1552 2793 1999 2857 immutabilis
2064 2813 2145 2857 ac
2205 2794 2739 2876 inperuertibilis

623 2892 799 2955 ,dum
852 2891 1338 2957 Christianitas
1394 2893 1747 2961 durauerit
1790 2891 1862 2955 in
1906 2893 2044 2956 ista
2087 2900 2273 2957 terra
2327 2891 2738 2974 Anglicana.

639 2992 979 3056 Dominus
1018 2993 1186 3056 deus
1215 2993 1672 3074 omnipotenS,
1707 2999 1777 3056 et
1808 3012 2043 3073 omnes
2074 2994 2297 3059 sancti
2327 2994 2473 3061 eius
2503 3013 2738 3057 omnes

635 3092 793 3155 illos
834 3100 904 3156 et
947 3092 1257 3174 singulos
1291 3092 1410 3173 qui
1456 3093 1586 3156 hoc
1634 3092 1892 3155 factum
1935 3113 2161 3156 meum
2205 3093 2280 3154 in
2324 3093 2556 3175 aliquo
2587 3114 2741 3176 per-

634 3198 902 3255 uertere
941 3192 1053 3254 uel
1085 3198 1474 3274 permutare
1513 3192 1882 3268 uoluerint,
1910 3210 2034 3255 seu
2062 3212 2493 3274 quocumque
2537 3194 2740 3258 modo

634 3292 1223 3373 attemptauerint,
1268 3292 1437 3355 socii
1493 3293 1634 3357 sint
1683 3291 1900 3355 Iudae
1961 3292 2314 3377 traditoris
2366 3292 2628 3357 Christi
2670 3295 2741 3357 in

635 3391 1132 3473 gehennalibus
1163 3392 1579 3455 cruciatibus
1606 3399 1940 3474 perpetuo
1969 3392 2340 3456 cruciandi.
2430 3393 2526 3457 Et
2557 3395 2737 3475 quod

633 3491 821 3556 istud
868 3493 1109 3556 uerum
1151 3491 1246 3555 sit
1291 3499 1360 3556 et
1410 3492 1659 3556 stabile
1710 3512 1981 3574 semper
2020 3494 2168 3556 sine
2196 3494 2351 3570 fine,
2382 3513 2512 3573 ego
2540 3514 2740 3576 prae-

633 3592 858 3656 dictus
903 3612 1029 3655 rex
1057 3590 1500 3658 AEsselstanus
1540 3591 1743 3657 huius
1789 3593 2170 3676 scripturae
2209 3593 2536 3675 paginam
2586 3615 2739 3658 cum

633 3692 836 3773 signo
885 3693 1107 3759 crucis
1166 3691 1424 3759 Christi
1464 3712 1619 3756 mea
1663 3693 1943 3775 propria
1990 3712 2199 3756 manu
2242 3692 2541 3774 signaui,
2585 3714 2737 3759 cum

634 3792 766 3856 hiis
796 3793 1089 3856 testibus
1115 3791 1202 3855 de
1229 3812 1382 3856 meo
1414 3792 1703 3860 consilio
1729 3791 1849 3874 qui
1879 3793 2251 3874 subscripti
2293 3793 2741 3876 reperientur,

635 3899 706 3955 et
733 3912 888 3955 cum
919 3892 1261 3973 episcopis
1290 3891 1482 3956 meis·

744 3993 822 4073 ›1‹
858 3990 1010 4071 Ego
1057 3990 1531 4056 Wulfhelmus
1593 3992 2142 4060 Dorobernensis
2201 3992 2578 4057 aecclesiae
2629 4013 2737 4063 ar-

632 4091 1105 4172 chiepiscopus
1133 4092 1600 4156 testimonium
1632 4090 1980 4173 perhibeO,
2009 4099 2080 4161 et
2109 4112 2264 4155 cum
2296 4093 2495 4175 signo
2540 4095 2737 4175 agiae

633 4191 853 4255 crucis
884 4190 1012 4254 hoc
1043 4191 1298 4257 donum
1329 4199 1399 4258 et
1431 4190 1608 4259 hanc
1654 4193 2068 4261 sententiam
2105 4192 2527 4274 praedictam
2574 4214 2734 4261 con-
