3044 5019
598 424 730 490 426
1107 442 1452 490 CHARTAE
1499 441 2184 492 ANGLOSAxochE.

1436 694 1865 760 Dxxvn.

1299 869 1341 912 *
1389 836 1837 947 ΕᾸΒαᾸΒ,
1880 868 2032 932 966.

708 1038 786 1118 >1⁴
835 1036 1316 1101 OMN1POTENS
1352 1039 1566 1103 totius
1611 1041 1971 1105 machinae
2014 1040 2332 1105 conditor
2370 1040 2702 1105 ineffabili

597 1137 858 1219 pietate
915 1138 1243 1200 uniuersa
1305 1138 1589 1202 mirifice
1650 1140 2047 1205 moderatur
2109 1160 2288 1223 quae
2347 1140 2700 1220 condidit3

597 1236 717 1319 qui
744 1243 1113 1300 coaeterno
1143 1236 1466 1300 uidelicet
1499 1239 1711 1301 uerbo
1740 1240 2078 1321 quaedam
2105 1260 2190 1303 ex
2224 1240 2439 1304 nihilo
2462 1239 2702 1318 edidit,
2795 1328 2798 1331 ἡ

595 1336 935 1417 quaedam
990 1355 1075 1399 ex
1127 1335 1401 1401 informi
1452 1338 1726 1401 subtilis
1783 1338 2035 1402 artifex
2083 1340 2505 1421 propagauit
2553 1360 2699 1403 ma-

595 1435 793 1499 teria.
898 1432 1242 1516 Angelica
1274 1436 1531 1519 quippe
1566 1443 1905 1514 creatura,
1942 1445 2020 1502 ut
2051 1439 2363 1502 informis
2407 1439 2702 1502 materia

595 1533 803 1597 nullis
851 1534 1057 1597 rebus
1108 1534 1593 1613 existentibuS,
1640 1536 1973 1600 diuinitus
2014 1537 2313 1601 formata
2343 1538 2699 1602 luculento

592 1633 1020 1715 resplenduit
1079 1634 1305 1711 uultu,
1367 1636 1572 1712 male,
1637 1636 1810 1718 prob
1869 1636 2103 1701 dolor!
2179 1637 2427 1702 liberto
2491 1644 2696 1701 utens

591 1732 876 1796 arbitrio
924 1734 1313 1797 contumaci
1363 1753 1698 1816 arrogans
1755 1734 1963 1813 fastu,
2009 1736 2304 1800 creatori
2355 1736 2695 1800 uniuersi-

591 1833 757 1895 tatis
813 1831 1132 1895 famulari
1183 1832 1590 1914 dedignanS,
1629 1835 2074 1917 semetipsum
2124 1836 2421 1900 creatori
2455 1836 2696 1919 aequi-

588 1950 865 2012 paranS,
897 1931 1196 1994 aeternis
1228 1932 1491 1996 baratri
1522 1933 1858 1998 incendiis
1890 1955 2046 1997 cum
2078 1936 2222 1998 suis
2247 1935 2695 2017 complicibus

589 2030 901 2094 demersa
929 2030 1094 2110 ‘iugi
1159 2032 1405 2095 merito
1450 2034 1800 2097 cruciatur
1845 2034 2143 2098 miseria.
2250 2034 2412 2097 Hoc
2455 2035 2696 2118 itaque

586 2127 889 2192 themate
921 2129 1137 2193 totius
1172 2130 1451 2193 sceleris
1480 2140 1846 2214 peccatum
1880 2153 2202 2198 exorsum
2234 2142 2362 2198 est.

824 2338 867 2381 1.
921 2315 1130 2387 Quare
1158 2320 1448 2382 hominem
1480 2322 1768 2396 condidit,
1800 2330 1857 2382 et
1885 2322 2037 2406 quid
2059 2323 2117 2383 ei
2144 2302 2453 2383 commisit.

705 2443 1070 2507 Euacuata
1122 2464 1419 2527 namque
1467 2444 1788 2528 polorum
1841 2445 2002 2507 sede
2051 2451 2121 2508 et
2174 2444 2527 2509 eliminata
2580 2452 2690 2507 tu·

584 2543 751 2606 midi
786 2543 1008 2606 fastus
1049 2544 1408 2626 spurcitia,
1447 2564 1757 2608 summus
1794 2546 2008 2608 totius
2045 2545 2378 2609 bonitatis
2409 2545 2687 2622 arbiter,

584 2642 852 2706 lucidas
897 2643 1246 2709 coelorum
1303 2643 1501 2706 sedes
1554 2664 1693 2709 non
1745 2643 1894 2707 sine
1934 2644 2200 2708 cultore
2251 2663 2499 2726 passus
2528 2652 2686 2743 otor-

584 2761 771 2823 pere,
817 2741 1131 2805 formatis
1185 2763 1276 2805 ex
1327 2742 1604 2806 informi
1652 2744 1944 2807 materia
1978 2744 2404 2807 diuersarum
2459 2763 2685 2807 rerum

583 2841 965 2923 speciebuS,
1009 2841 1353 2907 hominem
1407 2843 1688 2906 tandem
1742 2863 1831 2906 ex
1873 2842 2037 2906 limo
2077 2843 2453 2920 conditum,
2497 2843 2686 2906 uitae

583 2940 929 3022 spiraculo
958 2941 1045 3004 ad
1079 2942 1188 3004 sui
1239 2940 1567 3006 formauit
1615 2941 2157 3020 similitudinem,
2197 2943 2308 3006 cui
2363 2942 2689 3005 uniuersa

583 3041 797 3103 totius
829 3041 1042 3105 cosmi
1065 3039 1428 3123 superficie
1453 3041 1734 3107 condita
1761 3041 2130 3106 subiiciens
2157 3043 2458 3124 seipsum
2486 3060 2684 3104 suos-

584 3159 719 3220 que
770 3147 1087 3221 posteros
1140 3140 1273 3203 sibi
1313 3141 1631 3217 subiecit,
1685 3149 2029 3223 quatenus
2075 3143 2222 3205 eius
2268 3147 2686 3205 exsecutura

581 3239 953 3320 posteritas
1022 3239 1426 3318 angelorum
1491 3240 1848 3322 suppleret
1912 3261 2272 3305 numerum
2336 3240 2685 3305 coelorum

580 3337 857 3400 sedibus
892 3337 1217 3419 superbia
1244 3345 1568 3420 turgente
1600 3340 1978 3404 detrusum.

740 3551 811 3592 11.
860 3528 1143 3598 Qualiter
1172 3533 1237 3593 in
1254 3531 1555 3615 paradiso
1583 3533 1711 3592 sine
1739 3532 1990 3592 crimine
2018 3538 2399 3592 conversatus
2425 3531 2522 3590 sit.

682 3654 823 3733 Qui
852 3655 1328 3736 paradisiacae
1362 3654 1746 3737 uoluptatis
1770 3656 2189 3719 amoenitate
2223 3654 2493 3718 locatus
2525 3653 2683 3717 nul-

577 3756 712 3818 lius
739 3754 837 3817 rei
870 3753 1265 3834 patiebatur
1308 3754 1766 3836 dispendium,
1807 3755 1928 3817 sed
1977 3755 2040 3816 ei
2080 3753 2296 3818 totius
2327 3753 2563 3816 mundi
2594 3754 2683 3816 ad

539 3932 540 3935 Ἴ
578 3861 821 3919 uotum
873 3853 1365 3935 suppeditabat
1403 3853 1725 3917 facultas,
1830 3853 2081 3917 Totius
2130 3872 2427 3934 namque
2480 3853 2680 3916 boni-

579 3954 745 4018 tatis
795 3954 1114 4017 ubertate
1168 3953 1446 4026 fruenti,
1502 3953 1698 4017 nulla
1743 3953 1807 4016 ei
1843 3972 1953 4016 res
1986 3952 2240 4016 infesta
2290 3952 2678 4016 resistebat.

580 4054 857 4136 Quippe
888 4053 1265 4117 altithrono
1294 4053 1546 4116 deuote
1592 4052 2024 4134 obsequenti,
2068 4058 2391 4116 creatura
2427 4058 2683 4114 cuncta

576 4153 1045 4219 famulabatur
1067 4153 1401 4216 subiecta.
1510 4152 1903 4240 Fruebatur
1923 4149 2384 4215 laetabundus
2408 4157 2679 4213 creato-

575 4256 670 4321 ris
693 4253 1021 4334 tripudio,
1056 4260 1126 4316 et
1158 4251 1559 4333 angelorum
1593 4251 1915 4315 alacriter
1946 4251 2272 4314 utebatur
2306 4249 2678 4315 consortio.
