<?xml version="1.0" encoding="UTF-8"?>
<!DOCTYPE html PUBLIC "-//W3C//DTD XHTML 1.0 Transitional//EN"
    "http://www.w3.org/TR/xhtml1/DTD/xhtml1-transitional.dtd">
<html xmlns="http://www.w3.org/1999/xhtml" xml:lang="en" lang="en">
 <head>
  <title>
</title>
<meta http-equiv="Content-Type" content="text/html;charset=utf-8" />
  <meta name='ocr-system' content='tesseract 3.04.00' />
  <meta name='ocr-capabilities' content='ocr_page ocr_carea ocr_par ocr_line ocrx_word'/>
</head>
<body>
  <div class='ocr_page' id='page_1' title='image "./codexdiplomatic05kembgoog_0314.png"; bbox 0 0 3044 5019; ppageno 0'>
   <div class='ocr_carea' id='block_1_1' title="bbox 595 442 2190 508">
    <p class='ocr_par' dir='ltr' id='par_1_1' title="bbox 595 442 2190 508">
     <span class='ocr_line' id='line_1_1' title="bbox 595 442 2190 508; baseline -0.001 -3"><span class='ocrx_word' id='word_1_1' title='bbox 595 442 726 505; x_wconf 78' lang='lat'>264</span> <span class='ocrx_word' id='word_1_2' title='bbox 1114 460 1458 508; x_wconf 71' lang='lat' dir='ltr'>cuAn&#39;rAss</span> <span class='ocrx_word' id='word_1_3' title='bbox 1505 457 2190 507; x_wconf 76' lang='lat' dir='ltr'>ANGLosAonchss.</span> 
     </span>
    </p>
   </div>
   <div class='ocr_carea' id='block_1_2' title="bbox 601 615 2718 4189">
    <p class='ocr_par' dir='ltr' id='par_1_2' title="bbox 601 615 2718 2373">
     <span class='ocr_line' id='line_1_2' title="bbox 601 615 2705 699; baseline 0 -23"><span class='ocrx_word' id='word_1_4' title='bbox 601 616 727 677; x_wconf 81' lang='lat' dir='ltr'>ne&#39;c</span> <span class='ocrx_word' id='word_1_5' title='bbox 782 616 919 676; x_wconf 86' lang='lat' dir='ltr'>non</span> <span class='ocrx_word' id='word_1_6' title='bbox 985 622 1055 677; x_wconf 88' lang='lat' dir='ltr'>et</span> <span class='ocrx_word' id='word_1_7' title='bbox 1106 615 1304 678; x_wconf 91' lang='lat' dir='ltr'>siluis</span> <span class='ocrx_word' id='word_1_8' title='bbox 1353 616 1825 699; x_wconf 89' lang='lat' dir='ltr'>siluarumque</span> <span class='ocrx_word' id='word_1_9' title='bbox 1882 615 2380 692; x_wconf 89' lang='lat' dir='ltr'>densitatibus;</span> <span class='ocrx_word' id='word_1_10' title='bbox 2445 615 2705 678; x_wconf 90' lang='lat' dir='ltr'>donans</span> 
     </span>
     <span class='ocr_line' id='line_1_3' title="bbox 602 713 2706 798; baseline 0 -23"><span class='ocrx_word' id='word_1_11' title='bbox 602 713 875 776; x_wconf 90' lang='lat' dir='ltr'>donabo</span> <span class='ocrx_word' id='word_1_12' title='bbox 909 713 1320 792; x_wconf 89' lang='lat' dir='ltr'>libertatem,</span> <span class='ocrx_word' id='word_1_13' title='bbox 1354 724 1433 779; x_wconf 93' lang='lat' dir='ltr'>ut</span> <span class='ocrx_word' id='word_1_14' title='bbox 1456 717 1626 780; x_wconf 92' lang='lat' dir='ltr'>haec</span> <span class='ocrx_word' id='word_1_15' title='bbox 1660 735 1988 798; x_wconf 85' lang='lat' dir='ltr'>prospere</span> <span class='ocrx_word' id='word_1_16' title='bbox 2017 714 2370 797; x_wconf 90' lang='lat' dir='ltr'>possideat</span> <span class='ocrx_word' id='word_1_17' title='bbox 2388 722 2459 778; x_wconf 90' lang='lat' dir='ltr'>et</span> <span class='ocrx_word' id='word_1_18' title='bbox 2488 722 2706 779; x_wconf 89' lang='lat' dir='ltr'>aeter-</span> 
     </span>
     <span class='ocr_line' id='line_1_4' title="bbox 604 812 2711 890; baseline 0.002 -16"><span class='ocrx_word' id='word_1_19' title='bbox 604 812 855 875; x_wconf 83' lang='lat' dir='ltr'>naliter</span> <span class='ocrx_word' id='word_1_20' title='bbox 876 819 1133 890; x_wconf 91' lang='lat' dir='ltr'>teneat,</span> <span class='ocrx_word' id='word_1_21' title='bbox 1156 814 1319 877; x_wconf 91' lang='lat' dir='ltr'>dum</span> <span class='ocrx_word' id='word_1_22' title='bbox 1355 816 1559 879; x_wconf 88' lang='lat' dir='ltr'>huius</span> <span class='ocrx_word' id='word_1_23' title='bbox 1592 816 1888 879; x_wconf 92' lang='lat' dir='ltr'>labentis</span> <span class='ocrx_word' id='word_1_24' title='bbox 1919 815 2074 879; x_wconf 88' lang='lat' dir='ltr'>aeui</span> <span class='ocrx_word' id='word_1_25' title='bbox 2098 834 2375 877; x_wconf 91' lang='lat' dir='ltr'>cursum</span> <span class='ocrx_word' id='word_1_26' title='bbox 2401 821 2711 878; x_wconf 88' lang='lat' dir='ltr'>transeat</span> 
     </span>
     <span class='ocr_line' id='line_1_5' title="bbox 605 912 2712 997; baseline 0.001 -24"><span class='ocrx_word' id='word_1_27' title='bbox 605 912 911 989; x_wconf 81' lang='lat' dir='ltr'>illaesuS‚</span> <span class='ocrx_word' id='word_1_28' title='bbox 944 920 1153 995; x_wconf 87' lang='lat' dir='ltr'>atque</span> <span class='ocrx_word' id='word_1_29' title='bbox 1183 915 1420 978; x_wconf 91' lang='lat' dir='ltr'>uitalis</span> <span class='ocrx_word' id='word_1_30' title='bbox 1450 916 1735 997; x_wconf 88' lang='lat' dir='ltr'>spiritus</span> <span class='ocrx_word' id='word_1_31' title='bbox 1780 916 1852 977; x_wconf 91' lang='lat' dir='ltr'>in</span> <span class='ocrx_word' id='word_1_32' title='bbox 1896 914 2324 996; x_wconf 85' lang='lat' dir='ltr'>corruptibili</span> <span class='ocrx_word' id='word_1_33' title='bbox 2369 934 2578 977; x_wconf 90' lang='lat' dir='ltr'>carne</span> <span class='ocrx_word' id='word_1_34' title='bbox 2607 915 2712 976; x_wconf 91' lang='lat' dir='ltr'>in-</span> 
     </span>
     <span class='ocr_line' id='line_1_6' title="bbox 604 1011 2713 1095; baseline 0.002 -22"><span class='ocrx_word' id='word_1_35' title='bbox 604 1011 928 1091; x_wconf 85' lang='lat' dir='ltr'>haereat3</span> <span class='ocrx_word' id='word_1_36' title='bbox 977 1020 1138 1095; x_wconf 91' lang='lat' dir='ltr'>post</span> <span class='ocrx_word' id='word_1_37' title='bbox 1187 1034 1262 1076; x_wconf 90' lang='lat' dir='ltr'>se</span> <span class='ocrx_word' id='word_1_38' title='bbox 1318 1022 1550 1078; x_wconf 89' lang='lat' dir='ltr'>autem</span> <span class='ocrx_word' id='word_1_39' title='bbox 1603 1015 1822 1078; x_wconf 91' lang='lat' dir='ltr'>ueluti</span> <span class='ocrx_word' id='word_1_40' title='bbox 1869 1013 2361 1078; x_wconf 84' lang='lat' dir='ltr'>affirmauimus</span> <span class='ocrx_word' id='word_1_41' title='bbox 2407 1014 2713 1077; x_wconf 87' lang='lat' dir='ltr'>cuicum-</span> 
     </span>
     <span class='ocr_line' id='line_1_7' title="bbox 609 1112 2714 1197; baseline 0.002 -24"><span class='ocrx_word' id='word_1_42' title='bbox 609 1131 745 1193; x_wconf 92' lang='lat' dir='ltr'>que</span> <span class='ocrx_word' id='word_1_43' title='bbox 780 1112 1079 1176; x_wconf 91' lang='lat' dir='ltr'>uoluerit</span> <span class='ocrx_word' id='word_1_44' title='bbox 1127 1113 1404 1177; x_wconf 91' lang='lat' dir='ltr'>haeredi</span> <span class='ocrx_word' id='word_1_45' title='bbox 1454 1115 1911 1197; x_wconf 91' lang='lat' dir='ltr'>derelinquat.</span> <span class='ocrx_word' id='word_1_46' title='bbox 2020 1114 2182 1177; x_wconf 89' lang='lat' dir='ltr'>Fiat</span> <span class='ocrx_word' id='word_1_47' title='bbox 2221 1113 2476 1176; x_wconf 81' lang='lat' dir='ltr'>etenim</span> <span class='ocrx_word' id='word_1_48' title='bbox 2511 1133 2714 1195; x_wconf 90' lang='lat' dir='ltr'>prae-</span> 
     </span>
     <span class='ocr_line' id='line_1_8' title="bbox 609 1210 2714 1301; baseline 0.001 -28"><span class='ocrx_word' id='word_1_49' title='bbox 609 1210 756 1275; x_wconf 87' lang='lat' dir='ltr'>fata</span> <span class='ocrx_word' id='word_1_50' title='bbox 787 1218 972 1275; x_wconf 87' lang='lat' dir='ltr'>terra</span> <span class='ocrx_word' id='word_1_51' title='bbox 1004 1215 1092 1276; x_wconf 94' lang='lat' dir='ltr'>ab</span> <span class='ocrx_word' id='word_1_52' title='bbox 1122 1214 1305 1276; x_wconf 91' lang='lat' dir='ltr'>omni</span> <span class='ocrx_word' id='word_1_53' title='bbox 1338 1214 1572 1277; x_wconf 90' lang='lat' dir='ltr'>seruili</span> <span class='ocrx_word' id='word_1_54' title='bbox 1604 1214 1770 1294; x_wconf 83' lang='lat' dir='ltr'>iugo</span> <span class='ocrx_word' id='word_1_55' title='bbox 1796 1213 2013 1277; x_wconf 89' lang='lat' dir='ltr'>libera</span> <span class='ocrx_word' id='word_1_56' title='bbox 2039 1233 2195 1275; x_wconf 91' lang='lat' dir='ltr'>cum</span> <span class='ocrx_word' id='word_1_57' title='bbox 2229 1213 2549 1301; x_wconf 86' lang='lat' dir='ltr'>omnibus</span> <span class='ocrx_word' id='word_1_58' title='bbox 2585 1214 2714 1276; x_wconf 92' lang='lat' dir='ltr'>sibi</span> 
     </span>
     <span class='ocr_line' id='line_1_9' title="bbox 607 1312 2714 1395; baseline 0.001 -22"><span class='ocrx_word' id='word_1_59' title='bbox 607 1318 792 1374; x_wconf 91' lang='lat' dir='ltr'>recte</span> <span class='ocrx_word' id='word_1_60' title='bbox 846 1313 1371 1394; x_wconf 81' lang='lat' dir='ltr'>pertinentibuS‚</span> <span class='ocrx_word' id='word_1_61' title='bbox 1422 1314 1735 1395; x_wconf 85' lang='lat' dir='ltr'>exceptis</span> <span class='ocrx_word' id='word_1_62' title='bbox 1787 1313 1894 1376; x_wconf 92' lang='lat' dir='ltr'>his</span> <span class='ocrx_word' id='word_1_63' title='bbox 1939 1313 2182 1387; x_wconf 78' lang='lat' dir='ltr'>tribuS,</span> <span class='ocrx_word' id='word_1_64' title='bbox 2243 1312 2714 1393; x_wconf 86' lang='lat' dir='ltr'>expeditione,</span> 
     </span>
     <span class='ocr_line' id='line_1_10' title="bbox 607 1410 2714 1495; baseline 0.002 -23"><span class='ocrx_word' id='word_1_65' title='bbox 607 1410 838 1493; x_wconf 84' lang='lat' dir='ltr'>pontis</span> <span class='ocrx_word' id='word_1_66' title='bbox 888 1413 1153 1475; x_wconf 89' lang='lat' dir='ltr'>arcisue</span> <span class='ocrx_word' id='word_1_67' title='bbox 1196 1414 1726 1477; x_wconf 88' lang='lat' dir='ltr'>constructione.</span> <span class='ocrx_word' id='word_1_68' title='bbox 1819 1412 1893 1475; x_wconf 91' lang='lat' dir='ltr'>Si</span> <span class='ocrx_word' id='word_1_69' title='bbox 1946 1413 2102 1495; x_wconf 92' lang='lat' dir='ltr'>quis</span> <span class='ocrx_word' id='word_1_70' title='bbox 2152 1431 2318 1475; x_wconf 89' lang='lat' dir='ltr'>uero</span> <span class='ocrx_word' id='word_1_71' title='bbox 2369 1413 2504 1475; x_wconf 89' lang='lat' dir='ltr'>atri</span> <span class='ocrx_word' id='word_1_72' title='bbox 2553 1413 2714 1476; x_wconf 86' lang='lat' dir='ltr'>dae-</span> 
     </span>
     <span class='ocr_line' id='line_1_11' title="bbox 610 1509 2718 1590; baseline 0.001 -19"><span class='ocrx_word' id='word_1_73' title='bbox 610 1509 835 1572; x_wconf 89' lang='lat' dir='ltr'>monis</span> <span class='ocrx_word' id='word_1_74' title='bbox 867 1509 1017 1573; x_wconf 88' lang='lat' dir='ltr'>face</span> <span class='ocrx_word' id='word_1_75' title='bbox 1048 1511 1516 1576; x_wconf 88' lang='lat' dir='ltr'>inflammatus</span> <span class='ocrx_word' id='word_1_76' title='bbox 1552 1520 1794 1576; x_wconf 91' lang='lat' dir='ltr'>contra</span> <span class='ocrx_word' id='word_1_77' title='bbox 1822 1511 1952 1575; x_wconf 92' lang='lat' dir='ltr'>hoc</span> <span class='ocrx_word' id='word_1_78' title='bbox 1982 1518 2294 1574; x_wconf 89' lang='lat' dir='ltr'>nostrum</span> <span class='ocrx_word' id='word_1_79' title='bbox 2340 1512 2718 1590; x_wconf 89' lang='lat' dir='ltr'>decretum,</span> 
     </span>
     <span class='ocr_line' id='line_1_12' title="bbox 609 1608 2715 1695; baseline 0.002 -25"><span class='ocrx_word' id='word_1_80' title='bbox 609 1608 792 1691; x_wconf 92' lang='lat' dir='ltr'>quod</span> <span class='ocrx_word' id='word_1_81' title='bbox 840 1618 1160 1674; x_wconf 90' lang='lat' dir='ltr'>neutrum</span> <span class='ocrx_word' id='word_1_82' title='bbox 1208 1619 1330 1675; x_wconf 89' lang='lat' dir='ltr'>aut</span> <span class='ocrx_word' id='word_1_83' title='bbox 1379 1620 1702 1694; x_wconf 88' lang='lat' dir='ltr'>optamus</span> <span class='ocrx_word' id='word_1_84' title='bbox 1750 1612 1866 1674; x_wconf 93' lang='lat' dir='ltr'>uel</span> <span class='ocrx_word' id='word_1_85' title='bbox 1916 1610 2405 1695; x_wconf 75' lang='lat' dir='ltr'>desideramus,</span> <span class='ocrx_word' id='word_1_86' title='bbox 2456 1612 2715 1675; x_wconf 89' lang='lat' dir='ltr'>machi-</span> 
     </span>
     <span class='ocr_line' id='line_1_13' title="bbox 608 1708 2717 1794; baseline 0.001 -23"><span class='ocrx_word' id='word_1_87' title='bbox 608 1708 758 1771; x_wconf 90' lang='lat' dir='ltr'>nari</span> <span class='ocrx_word' id='word_1_88' title='bbox 810 1708 1316 1793; x_wconf 82' lang='lat' dir='ltr'>infringereque</span> <span class='ocrx_word' id='word_1_89' title='bbox 1366 1712 1629 1794; x_wconf 92' lang='lat' dir='ltr'>aliquid</span> <span class='ocrx_word' id='word_1_90' title='bbox 1692 1711 2013 1787; x_wconf 90' lang='lat' dir='ltr'>uoluerit,</span> <span class='ocrx_word' id='word_1_91' title='bbox 2063 1711 2239 1774; x_wconf 89' lang='lat' dir='ltr'>sciat</span> <span class='ocrx_word' id='word_1_92' title='bbox 2304 1730 2378 1774; x_wconf 92' lang='lat' dir='ltr'>se</span> <span class='ocrx_word' id='word_1_93' title='bbox 2446 1718 2717 1774; x_wconf 92' lang='lat' dir='ltr'>trusum</span> 
     </span>
     <span class='ocr_line' id='line_1_14' title="bbox 608 1809 2717 1892; baseline 0.002 -22"><span class='ocrx_word' id='word_1_94' title='bbox 608 1809 736 1870; x_wconf 91' lang='lat' dir='ltr'>sub</span> <span class='ocrx_word' id='word_1_95' title='bbox 760 1809 947 1871; x_wconf 91' lang='lat' dir='ltr'>unda</span> <span class='ocrx_word' id='word_1_96' title='bbox 974 1809 1194 1891; x_wconf 84' lang='lat' dir='ltr'>Stigei</span> <span class='ocrx_word' id='word_1_97' title='bbox 1216 1810 1516 1874; x_wconf 91' lang='lat' dir='ltr'>fluminis</span> <span class='ocrx_word' id='word_1_98' title='bbox 1554 1818 1761 1892; x_wconf 90' lang='lat' dir='ltr'>atque</span> <span class='ocrx_word' id='word_1_99' title='bbox 1792 1809 2108 1874; x_wconf 92' lang='lat' dir='ltr'>cumillis</span> <span class='ocrx_word' id='word_1_100' title='bbox 2142 1810 2457 1873; x_wconf 85' lang='lat' dir='ltr'>nefandis</span> <span class='ocrx_word' id='word_1_101' title='bbox 2491 1811 2717 1892; x_wconf 87' lang='lat' dir='ltr'>legem</span> 
     </span>
     <span class='ocr_line' id='line_1_15' title="bbox 608 1908 2717 1992; baseline 0.002 -23"><span class='ocrx_word' id='word_1_102' title='bbox 608 1908 717 1970; x_wconf 91' lang='lat' dir='ltr'>dei</span> <span class='ocrx_word' id='word_1_103' title='bbox 749 1908 1387 1990; x_wconf 86' lang='lat' dir='ltr'>blasphemantibus</span> <span class='ocrx_word' id='word_1_104' title='bbox 1421 1912 1492 1973; x_wconf 91' lang='lat' dir='ltr'>in</span> <span class='ocrx_word' id='word_1_105' title='bbox 1525 1912 1724 1992; x_wconf 92' lang='lat' dir='ltr'>picea</span> <span class='ocrx_word' id='word_1_106' title='bbox 1770 1910 2087 1974; x_wconf 92' lang='lat' dir='ltr'>custodia</span> <span class='ocrx_word' id='word_1_107' title='bbox 2131 1918 2352 1973; x_wconf 90' lang='lat' dir='ltr'>tetrae</span> <span class='ocrx_word' id='word_1_108' title='bbox 2396 1911 2717 1974; x_wconf 90' lang='lat' dir='ltr'>tortionis</span> 
     </span>
     <span class='ocr_line' id='line_1_16' title="bbox 608 2008 2715 2092; baseline 0.002 -25"><span class='ocrx_word' id='word_1_109' title='bbox 608 2008 1101 2089; x_wconf 88' lang='lat' dir='ltr'>mancipatum,</span> <span class='ocrx_word' id='word_1_110' title='bbox 1139 2011 1271 2073; x_wconf 91' lang='lat' dir='ltr'>nisi</span> <span class='ocrx_word' id='word_1_111' title='bbox 1302 2010 1492 2092; x_wconf 91' lang='lat' dir='ltr'>prius</span> <span class='ocrx_word' id='word_1_112' title='bbox 1513 2010 1775 2075; x_wconf 88' lang='lat' dir='ltr'>Christi</span> <span class='ocrx_word' id='word_1_113' title='bbox 1808 2009 2282 2074; x_wconf 86' lang='lat' dir='ltr'>cohortatione</span> <span class='ocrx_word' id='word_1_114' title='bbox 2315 2011 2715 2091; x_wconf 92' lang='lat' dir='ltr'>compulsus</span> 
     </span>
     <span class='ocr_line' id='line_1_17' title="bbox 610 2106 2714 2191; baseline 0.003 -24"><span class='ocrx_word' id='word_1_115' title='bbox 610 2106 699 2168; x_wconf 92' lang='lat' dir='ltr'>ad</span> <span class='ocrx_word' id='word_1_116' title='bbox 744 2107 1283 2173; x_wconf 86' lang='lat' dir='ltr'>satisfactionem</span> <span class='ocrx_word' id='word_1_117' title='bbox 1330 2111 1480 2173; x_wconf 89' lang='lat' dir='ltr'>uita</span> <span class='ocrx_word' id='word_1_118' title='bbox 1530 2111 1781 2174; x_wconf 88' lang='lat' dir='ltr'>comite</span> <span class='ocrx_word' id='word_1_119' title='bbox 1839 2109 2248 2173; x_wconf 85' lang='lat' dir='ltr'>festinanter</span> <span class='ocrx_word' id='word_1_120' title='bbox 2298 2111 2714 2191; x_wconf 88' lang='lat' dir='ltr'>peruenerit.</span> 
     </span>
     <span class='ocr_line' id='line_1_18' title="bbox 616 2205 2717 2291; baseline 0.003 -24"><span class='ocrx_word' id='word_1_121' title='bbox 616 2205 835 2268; x_wconf 89' lang='lat' dir='ltr'>Facta</span> <span class='ocrx_word' id='word_1_122' title='bbox 868 2214 975 2270; x_wconf 91' lang='lat' dir='ltr'>est</span> <span class='ocrx_word' id='word_1_123' title='bbox 1005 2208 1175 2272; x_wconf 89' lang='lat' dir='ltr'>haec</span> <span class='ocrx_word' id='word_1_124' title='bbox 1210 2209 1527 2291; x_wconf 89' lang='lat' dir='ltr'>praefata</span> <span class='ocrx_word' id='word_1_125' title='bbox 1563 2210 1846 2273; x_wconf 92' lang='lat' dir='ltr'>donatio</span> <span class='ocrx_word' id='word_1_126' title='bbox 1893 2228 2074 2272; x_wconf 89' lang='lat' dir='ltr'>anno</span> <span class='ocrx_word' id='word_1_127' title='bbox 2122 2210 2209 2271; x_wconf 89' lang='lat' dir='ltr'>ab</span> <span class='ocrx_word' id='word_1_128' title='bbox 2243 2209 2717 2273; x_wconf 89' lang='lat' dir='ltr'>incarnatione</span> 
     </span>
     <span class='ocr_line' id='line_1_19' title="bbox 615 2305 2715 2373; baseline 0.002 -5"><span class='ocrx_word' id='word_1_129' title='bbox 615 2305 873 2368; x_wconf 91' lang='lat' dir='ltr'>domini</span> <span class='ocrx_word' id='word_1_130' title='bbox 903 2310 1118 2372; x_wconf 90' lang='lat' dir='ltr'>nostri</span> <span class='ocrx_word' id='word_1_131' title='bbox 1155 2308 1364 2372; x_wconf 87' lang='lat' dir='ltr'>Ihesu</span> <span class='ocrx_word' id='word_1_132' title='bbox 1392 2309 1652 2373; x_wconf 89' lang='lat' dir='ltr'>Christi</span> <span class='ocrx_word' id='word_1_133' title='bbox 1689 2325 2142 2372; x_wconf 78' lang='lat' dir='ltr'>nocco.X1.v1.</span> <span class='ocrx_word' id='word_1_134' title='bbox 2176 2309 2554 2371; x_wconf 88' lang='lat' dir='ltr'>indictione</span> <span class='ocrx_word' id='word_1_135' title='bbox 2579 2325 2715 2372; x_wconf 91' lang='lat'><em>1111.</em></span> 
     </span>
    </p>

    <p class='ocr_par' dir='ltr' id='par_1_3' title="bbox 608 2406 2716 4189">
     <span class='ocr_line' id='line_1_20' title="bbox 712 2406 2713 2490; baseline 0.001 -22"><span class='ocrx_word' id='word_1_136' title='bbox 712 2406 864 2487; x_wconf 88' lang='lat' dir='ltr'>Ego</span> <span class='ocrx_word' id='word_1_137' title='bbox 921 2409 1372 2473; x_wconf 89' lang='lat' dir='ltr'>Eadmundus</span> <span class='ocrx_word' id='word_1_138' title='bbox 1432 2430 1557 2472; x_wconf 85' lang='lat' dir='ltr'>rex</span> <span class='ocrx_word' id='word_1_139' title='bbox 1615 2407 1998 2489; x_wconf 83' lang='lat' dir='ltr'>Anglorum</span> <span class='ocrx_word' id='word_1_140' title='bbox 2056 2408 2440 2490; x_wconf 82' lang='lat' dir='ltr'>praefatam</span> <span class='ocrx_word' id='word_1_141' title='bbox 2500 2407 2713 2472; x_wconf 90' lang='lat' dir='ltr'>dona-</span> 
     </span>
     <span class='ocr_line' id='line_1_21' title="bbox 610 2505 2716 2592; baseline 0 -23"><span class='ocrx_word' id='word_1_142' title='bbox 610 2505 868 2569; x_wconf 86' lang='lat' dir='ltr'>tionem</span> <span class='ocrx_word' id='word_1_143' title='bbox 900 2511 1028 2572; x_wconf 90' lang='lat' dir='ltr'>sub</span> <span class='ocrx_word' id='word_1_144' title='bbox 1063 2511 1295 2590; x_wconf 84' lang='lat' dir='ltr'>sigillo</span> <span class='ocrx_word' id='word_1_145' title='bbox 1343 2517 1627 2573; x_wconf 87' lang='lat' dir='ltr'>sanctae</span> <span class='ocrx_word' id='word_1_146' title='bbox 1661 2513 1739 2592; x_wconf 99' lang='lat'><em>4</em></span> <span class='ocrx_word' id='word_1_147' title='bbox 1778 2506 2356 2572; x_wconf 86' lang='lat' dir='ltr'>indeclinabiliter</span> <span class='ocrx_word' id='word_1_148' title='bbox 2405 2509 2716 2573; x_wconf 90' lang='lat' dir='ltr'>concessi</span> 
     </span>
     <span class='ocr_line' id='line_1_22' title="bbox 609 2609 2714 2691; baseline 0.001 -22"><span class='ocrx_word' id='word_1_149' title='bbox 609 2612 820 2687; x_wconf 86' lang='lat' dir='ltr'>atque</span> <span class='ocrx_word' id='word_1_150' title='bbox 872 2610 1214 2673; x_wconf 90' lang='lat' dir='ltr'>roboraui.</span> <span class='ocrx_word' id='word_1_151' title='bbox 1321 2610 1473 2691; x_wconf 84' lang='lat' dir='ltr'>Ego</span> <span class='ocrx_word' id='word_1_152' title='bbox 1525 2609 1681 2673; x_wconf 90' lang='lat' dir='ltr'>Oda</span> <span class='ocrx_word' id='word_1_153' title='bbox 1740 2609 2287 2673; x_wconf 90' lang='lat' dir='ltr'>Dorobernensis</span> <span class='ocrx_word' id='word_1_154' title='bbox 2341 2609 2714 2673; x_wconf 90' lang='lat' dir='ltr'>aecclesiae</span> 
     </span>
     <span class='ocr_line' id='line_1_23' title="bbox 610 2705 2709 2791; baseline 0.002 -24"><span class='ocrx_word' id='word_1_155' title='bbox 610 2705 1165 2791; x_wconf 89' lang='lat' dir='ltr'>archiepiscopus</span> <span class='ocrx_word' id='word_1_156' title='bbox 1216 2709 1519 2773; x_wconf 91' lang='lat' dir='ltr'>eiusdem</span> <span class='ocrx_word' id='word_1_157' title='bbox 1564 2710 1747 2790; x_wconf 88' lang='lat' dir='ltr'>regis</span> <span class='ocrx_word' id='word_1_158' title='bbox 1802 2709 2267 2791; x_wconf 89' lang='lat' dir='ltr'>principatum</span> <span class='ocrx_word' id='word_1_159' title='bbox 2307 2715 2377 2772; x_wconf 89' lang='lat' dir='ltr'>et</span> <span class='ocrx_word' id='word_1_160' title='bbox 2410 2709 2709 2772; x_wconf 89' lang='lat' dir='ltr'>beneuo-</span> 
     </span>
     <span class='ocr_line' id='line_1_24' title="bbox 608 2806 2708 2890; baseline 0.001 -22"><span class='ocrx_word' id='word_1_161' title='bbox 608 2806 892 2870; x_wconf 89' lang='lat' dir='ltr'>lentiam</span> <span class='ocrx_word' id='word_1_162' title='bbox 947 2811 1075 2872; x_wconf 92' lang='lat' dir='ltr'>sub</span> <span class='ocrx_word' id='word_1_163' title='bbox 1121 2810 1351 2889; x_wconf 85' lang='lat' dir='ltr'>sigillo</span> <span class='ocrx_word' id='word_1_164' title='bbox 1401 2817 1684 2872; x_wconf 83' lang='lat' dir='ltr'>sanctae</span> <span class='ocrx_word' id='word_1_165' title='bbox 1746 2811 1824 2890; x_wconf 98' lang='lat'><em>4</em></span> <span class='ocrx_word' id='word_1_166' title='bbox 1890 2808 2219 2871; x_wconf 89' lang='lat' dir='ltr'>conclusi.</span> <span class='ocrx_word' id='word_1_167' title='bbox 2326 2807 2480 2888; x_wconf 81' lang='lat' dir='ltr'>Ego</span> <span class='ocrx_word' id='word_1_168' title='bbox 2531 2807 2708 2871; x_wconf 80' lang='lat' dir='ltr'>Deo-</span> 
     </span>
     <span class='ocr_line' id='line_1_25' title="bbox 609 2905 2709 2990; baseline 0.002 -23"><span class='ocrx_word' id='word_1_169' title='bbox 609 2906 775 2969; x_wconf 90' lang='lat' dir='ltr'>dred</span> <span class='ocrx_word' id='word_1_170' title='bbox 813 2905 1315 2972; x_wconf 86' lang='lat' dir='ltr'>Londoniensis</span> <span class='ocrx_word' id='word_1_171' title='bbox 1342 2909 1717 2973; x_wconf 89' lang='lat' dir='ltr'>aecclesiae</span> <span class='ocrx_word' id='word_1_172' title='bbox 1740 2908 2103 2990; x_wconf 89' lang='lat' dir='ltr'>episcopus</span> <span class='ocrx_word' id='word_1_173' title='bbox 2137 2908 2580 2971; x_wconf 90' lang='lat' dir='ltr'>corroboraui</span> <span class='ocrx_word' id='word_1_174' title='bbox 2602 2911 2677 2989; x_wconf 92' lang='lat'><em>4</em></span> <span class='ocrx_word' id='word_1_175' title='bbox 2694 2957 2709 2971; x_wconf 97' lang='lat'><em>.</em></span> 
     </span>
     <span class='ocr_line' id='line_1_26' title="bbox 615 3006 2714 3091; baseline 0.001 -22"><span class='ocrx_word' id='word_1_176' title='bbox 615 3006 769 3087; x_wconf 83' lang='lat' dir='ltr'>Ego</span> <span class='ocrx_word' id='word_1_177' title='bbox 808 3008 1187 3074; x_wconf 88' lang='lat' dir='ltr'>Kenewold</span> <span class='ocrx_word' id='word_1_178' title='bbox 1221 3010 1587 3091; x_wconf 90' lang='lat' dir='ltr'>episcopus</span> <span class='ocrx_word' id='word_1_179' title='bbox 1628 3007 2035 3088; x_wconf 86' lang='lat' dir='ltr'>consignaui</span> <span class='ocrx_word' id='word_1_180' title='bbox 2064 3009 2176 3086; x_wconf 91' lang='lat'>4.</span> <span class='ocrx_word' id='word_1_181' title='bbox 2279 3007 2434 3088; x_wconf 81' lang='lat' dir='ltr'>Ego</span> <span class='ocrx_word' id='word_1_182' title='bbox 2467 3008 2714 3071; x_wconf 89' lang='lat' dir='ltr'>AElfric</span> 
     </span>
     <span class='ocr_line' id='line_1_27' title="bbox 612 3107 2713 3191; baseline 0 -22"><span class='ocrx_word' id='word_1_183' title='bbox 612 3107 976 3190; x_wconf 89' lang='lat' dir='ltr'>episcopus</span> <span class='ocrx_word' id='word_1_184' title='bbox 1006 3109 1406 3172; x_wconf 87' lang='lat' dir='ltr'>confirmaui</span> <span class='ocrx_word' id='word_1_185' title='bbox 1428 3111 1539 3190; x_wconf 98' lang='lat'>4.</span> <span class='ocrx_word' id='word_1_186' title='bbox 1633 3108 1786 3188; x_wconf 83' lang='lat' dir='ltr'>Ego</span> <span class='ocrx_word' id='word_1_187' title='bbox 1811 3107 2137 3191; x_wconf 73' lang='lat' dir='ltr'>AEpelgar</span> <span class='ocrx_word' id='word_1_188' title='bbox 2156 3108 2523 3189; x_wconf 89' lang='lat' dir='ltr'>episcopus</span> <span class='ocrx_word' id='word_1_189' title='bbox 2552 3127 2713 3170; x_wconf 91' lang='lat' dir='ltr'>con-</span> 
     </span>
     <span class='ocr_line' id='line_1_28' title="bbox 613 3206 2712 3289; baseline 0.001 -22"><span class='ocrx_word' id='word_1_190' title='bbox 613 3206 797 3268; x_wconf 90' lang='lat' dir='ltr'>sensi</span> <span class='ocrx_word' id='word_1_191' title='bbox 825 3210 936 3289; x_wconf 93' lang='lat'>4.</span> <span class='ocrx_word' id='word_1_192' title='bbox 1041 3207 1192 3289; x_wconf 88' lang='lat' dir='ltr'>Ego</span> <span class='ocrx_word' id='word_1_193' title='bbox 1247 3208 1514 3272; x_wconf 87' lang='lat' dir='ltr'>AElfred</span> <span class='ocrx_word' id='word_1_194' title='bbox 1575 3208 1939 3289; x_wconf 89' lang='lat' dir='ltr'>episcopus</span> <span class='ocrx_word' id='word_1_195' title='bbox 1985 3208 2310 3271; x_wconf 88' lang='lat' dir='ltr'>roboraui</span> <span class='ocrx_word' id='word_1_196' title='bbox 2343 3209 2454 3288; x_wconf 93' lang='lat'>4.</span> <span class='ocrx_word' id='word_1_197' title='bbox 2562 3207 2712 3287; x_wconf 84' lang='lat' dir='ltr'>Ego</span> 
     </span>
     <span class='ocr_line' id='line_1_29' title="bbox 610 3304 2714 3390; baseline 0 -22"><span class='ocrx_word' id='word_1_198' title='bbox 610 3304 963 3387; x_wconf 84' lang='lat' dir='ltr'>Wulfsige</span> <span class='ocrx_word' id='word_1_199' title='bbox 996 3308 1361 3390; x_wconf 90' lang='lat' dir='ltr'>episcopus</span> <span class='ocrx_word' id='word_1_200' title='bbox 1394 3308 1709 3389; x_wconf 90' lang='lat' dir='ltr'>impressi</span> <span class='ocrx_word' id='word_1_201' title='bbox 1748 3310 1858 3388; x_wconf 92' lang='lat'>4.</span> <span class='ocrx_word' id='word_1_202' title='bbox 1965 3306 2118 3387; x_wconf 88' lang='lat' dir='ltr'>Ego</span> <span class='ocrx_word' id='word_1_203' title='bbox 2149 3305 2540 3371; x_wconf 85' lang='lat' dir='ltr'>Wulfhelm</span> <span class='ocrx_word' id='word_1_204' title='bbox 2572 3307 2714 3388; x_wconf 91' lang='lat' dir='ltr'>epi-</span> 
     </span>
     <span class='ocr_line' id='line_1_30' title="bbox 612 3405 2713 3491; baseline 0 -22"><span class='ocrx_word' id='word_1_205' title='bbox 612 3424 864 3487; x_wconf 88' lang='lat' dir='ltr'>scopus</span> <span class='ocrx_word' id='word_1_206' title='bbox 929 3408 1234 3470; x_wconf 91' lang='lat' dir='ltr'>conclusi</span> <span class='ocrx_word' id='word_1_207' title='bbox 1263 3409 1374 3487; x_wconf 92' lang='lat'>4.</span> <span class='ocrx_word' id='word_1_208' title='bbox 1499 3406 1876 3491; x_wconf 69' lang='lat' dir='ltr'>AEpelwold</span> <span class='ocrx_word' id='word_1_209' title='bbox 1942 3406 2086 3469; x_wconf 85' lang='lat' dir='ltr'>dux</span> <span class='ocrx_word' id='word_1_210' title='bbox 2120 3409 2230 3488; x_wconf 94' lang='lat'>4.</span> <span class='ocrx_word' id='word_1_211' title='bbox 2359 3405 2713 3490; x_wconf 72' lang='lat' dir='ltr'>AEpelstan</span> 
     </span>
     <span class='ocr_line' id='line_1_31' title="bbox 614 3505 2715 3589; baseline 0 -21"><span class='ocrx_word' id='word_1_212' title='bbox 614 3506 757 3569; x_wconf 88' lang='lat' dir='ltr'>dux</span> <span class='ocrx_word' id='word_1_213' title='bbox 781 3508 892 3589; x_wconf 98' lang='lat'>4.</span> <span class='ocrx_word' id='word_1_214' title='bbox 996 3507 1244 3570; x_wconf 90' lang='lat' dir='ltr'>Eadric</span> <span class='ocrx_word' id='word_1_215' title='bbox 1272 3508 1416 3570; x_wconf 87' lang='lat' dir='ltr'>dux</span> <span class='ocrx_word' id='word_1_216' title='bbox 1440 3508 1552 3589; x_wconf 95' lang='lat'>4.</span> <span class='ocrx_word' id='word_1_217' title='bbox 1660 3505 2022 3569; x_wconf 92' lang='lat' dir='ltr'>Ealhhelm</span> <span class='ocrx_word' id='word_1_218' title='bbox 2067 3506 2212 3568; x_wconf 87' lang='lat' dir='ltr'>dux</span> <span class='ocrx_word' id='word_1_219' title='bbox 2234 3508 2343 3586; x_wconf 92' lang='lat'>4.</span> <span class='ocrx_word' id='word_1_220' title='bbox 2445 3505 2715 3569; x_wconf 90' lang='lat' dir='ltr'>Uhtred</span> 
     </span>
     <span class='ocr_line' id='line_1_32' title="bbox 613 3604 2715 3690; baseline 0 -22"><span class='ocrx_word' id='word_1_221' title='bbox 613 3606 758 3668; x_wconf 86' lang='lat' dir='ltr'>dux</span> <span class='ocrx_word' id='word_1_222' title='bbox 789 3610 898 3688; x_wconf 92' lang='lat'><em>4.</em></span> <span class='ocrx_word' id='word_1_223' title='bbox 1002 3606 1330 3688; x_wconf 84' lang='lat' dir='ltr'>Wulfgar</span> <span class='ocrx_word' id='word_1_224' title='bbox 1361 3606 1506 3672; x_wconf 86' lang='lat' dir='ltr'>dux</span> <span class='ocrx_word' id='word_1_225' title='bbox 1545 3608 1655 3689; x_wconf 90' lang='lat'><em>4.</em></span> <span class='ocrx_word' id='word_1_226' title='bbox 1764 3606 2120 3690; x_wconf 74' lang='lat' dir='ltr'>AEpelstan</span> <span class='ocrx_word' id='word_1_227' title='bbox 2150 3606 2294 3668; x_wconf 86' lang='lat' dir='ltr'>dux</span> <span class='ocrx_word' id='word_1_228' title='bbox 2316 3605 2421 3686; x_wconf 93' lang='lat'><em>4.</em></span> <span class='ocrx_word' id='word_1_229' title='bbox 2531 3604 2715 3668; x_wconf 89' lang='lat' dir='ltr'>Ead-</span> 
     </span>
     <span class='ocr_line' id='line_1_33' title="bbox 612 3704 2715 3787; baseline 0 -19"><span class='ocrx_word' id='word_1_230' title='bbox 612 3708 824 3769; x_wconf 90' lang='lat' dir='ltr'>mund</span> <span class='ocrx_word' id='word_1_231' title='bbox 874 3708 1018 3771; x_wconf 86' lang='lat' dir='ltr'>dux</span> <span class='ocrx_word' id='word_1_232' title='bbox 1050 3709 1162 3787; x_wconf 92' lang='lat'><em>4.</em></span> <span class='ocrx_word' id='word_1_233' title='bbox 1255 3707 1561 3770; x_wconf 89' lang='lat' dir='ltr'>AElfstan</span> <span class='ocrx_word' id='word_1_234' title='bbox 1596 3707 1907 3770; x_wconf 90' lang='lat' dir='ltr'>minister</span> <span class='ocrx_word' id='word_1_235' title='bbox 1940 3709 2050 3787; x_wconf 89' lang='lat'><em>4.</em></span> <span class='ocrx_word' id='word_1_236' title='bbox 2125 3704 2427 3768; x_wconf 88' lang='lat' dir='ltr'>·Uulfric</span> <span class='ocrx_word' id='word_1_237' title='bbox 2476 3705 2715 3768; x_wconf 90' lang='lat' dir='ltr'>minis-</span> 
     </span>
     <span class='ocr_line' id='line_1_34' title="bbox 612 3804 2712 3889; baseline -0.001 -20"><span class='ocrx_word' id='word_1_238' title='bbox 612 3813 720 3869; x_wconf 87' lang='lat' dir='ltr'>ter</span> <span class='ocrx_word' id='word_1_239' title='bbox 746 3808 857 3889; x_wconf 93' lang='lat'><em>4.</em></span> <span class='ocrx_word' id='word_1_240' title='bbox 963 3807 1326 3870; x_wconf 88' lang='lat' dir='ltr'>Eadmund</span> <span class='ocrx_word' id='word_1_241' title='bbox 1375 3806 1688 3868; x_wconf 90' lang='lat' dir='ltr'>minister</span> <span class='ocrx_word' id='word_1_242' title='bbox 1716 3808 1826 3887; x_wconf 93' lang='lat'>4.</span> <span class='ocrx_word' id='word_1_243' title='bbox 1934 3804 2229 3885; x_wconf 84' lang='lat' dir='ltr'>AElfsige</span> <span class='ocrx_word' id='word_1_244' title='bbox 2261 3804 2573 3867; x_wconf 90' lang='lat' dir='ltr'>minister</span> <span class='ocrx_word' id='word_1_245' title='bbox 2602 3807 2712 3886; x_wconf 89' lang='lat'>4.</span> 
     </span>
     <span class='ocr_line' id='line_1_35' title="bbox 617 3902 2715 3988; baseline -0.002 -18"><span class='ocrx_word' id='word_1_246' title='bbox 617 3906 888 3970; x_wconf 88' lang='lat' dir='ltr'>Uulfric</span> <span class='ocrx_word' id='word_1_247' title='bbox 907 3908 1218 3970; x_wconf 88' lang='lat' dir='ltr'>minister</span> <span class='ocrx_word' id='word_1_248' title='bbox 1239 3909 1349 3988; x_wconf 94' lang='lat'>4.</span> <span class='ocrx_word' id='word_1_249' title='bbox 1450 3905 1825 3968; x_wconf 87' lang='lat' dir='ltr'>AElfheach</span> <span class='ocrx_word' id='word_1_250' title='bbox 1846 3905 2156 3967; x_wconf 89' lang='lat' dir='ltr'>minister</span> <span class='ocrx_word' id='word_1_251' title='bbox 2178 3906 2288 3984; x_wconf 92' lang='lat'>4.</span> <span class='ocrx_word' id='word_1_252' title='bbox 2397 3902 2715 3984; x_wconf 85' lang='lat' dir='ltr'>Uulfsige</span> 
     </span>
     <span class='ocr_line' id='line_1_36' title="bbox 615 4002 2713 4090; baseline -0.003 -20"><span class='ocrx_word' id='word_1_253' title='bbox 615 4007 930 4070; x_wconf 86' lang='lat' dir='ltr'>minister</span> <span class='ocrx_word' id='word_1_254' title='bbox 958 4009 1068 4088; x_wconf 97' lang='lat'>4.</span> <span class='ocrx_word' id='word_1_255' title='bbox 1174 4005 1521 4090; x_wconf 70' lang='lat' dir='ltr'>AEpelsige</span> <span class='ocrx_word' id='word_1_256' title='bbox 1567 4005 1878 4068; x_wconf 88' lang='lat' dir='ltr'>minister</span> <span class='ocrx_word' id='word_1_257' title='bbox 1906 4007 2016 4086; x_wconf 97' lang='lat'>4.</span> <span class='ocrx_word' id='word_1_258' title='bbox 2126 4002 2539 4084; x_wconf 83' lang='lat' dir='ltr'>Beorhtsige</span> <span class='ocrx_word' id='word_1_259' title='bbox 2588 4004 2713 4065; x_wconf 88' lang='lat' dir='ltr'>mi·-</span> 
     </span>
     <span class='ocr_line' id='line_1_37' title="bbox 615 4101 2714 4189; baseline -0.001 -20"><span class='ocrx_word' id='word_1_260' title='bbox 615 4107 832 4171; x_wconf 88' lang='lat' dir='ltr'>nister</span> <span class='ocrx_word' id='word_1_261' title='bbox 874 4109 983 4188; x_wconf 93' lang='lat'>4.</span> <span class='ocrx_word' id='word_1_262' title='bbox 1098 4105 1466 4189; x_wconf 68' lang='lat' dir='ltr'>AEpelgard</span> <span class='ocrx_word' id='word_1_263' title='bbox 1509 4104 1819 4169; x_wconf 91' lang='lat' dir='ltr'>minister</span> <span class='ocrx_word' id='word_1_264' title='bbox 1863 4107 1972 4185; x_wconf 93' lang='lat'>4.</span> <span class='ocrx_word' id='word_1_265' title='bbox 2110 4101 2410 4183; x_wconf 84' lang='lat' dir='ltr'>Uulfgar</span> <span class='ocrx_word' id='word_1_266' title='bbox 2478 4102 2714 4166; x_wconf 89' lang='lat' dir='ltr'>minis-</span> 
     </span>
    </p>
   </div>
   <div class='ocr_carea' id='block_1_3' title="bbox 611 4208 872 4287">
    <p class='ocr_par' dir='ltr' id='par_1_4' title="bbox 611 4208 872 4287">
     <span class='ocr_line' id='line_1_38' title="bbox 611 4208 872 4287; baseline 0.004 -16"><span class='ocrx_word' id='word_1_267' title='bbox 611 4214 717 4271; x_wconf 87' lang='lat' dir='ltr'>ter</span> <span class='ocrx_word' id='word_1_268' title='bbox 755 4208 872 4287; x_wconf 88' lang='lat'>4.</span> 
     </span>
    </p>
   </div>
  </div>
 </body>
</html>
