3044 5019
902 439 1246 487 CHARTAE
1292 438 1979 491 ANcLosAxochE.
2339 431 2470 494 277

352 596 637 677 propria
691 597 1079 660 temeritate
1133 596 1473 660 uiolenter
1519 598 1845 662 inuadere
1899 605 2461 684 praesumpserit,

353 695 531 758 sciat
579 715 655 758 se
697 696 1149 777 proculdubio
1190 704 1351 759 ante
1396 697 1700 760 tribunal
1746 698 2038 763 districti
2084 701 2328 766 iudicis
2373 705 2458 767 ti-

351 795 712 858 tubantem
756 795 1413 878 tremebundumque
1462 798 1799 860 rationem
1832 799 2282 878 redditurum,
2329 804 2461 866 nisi

351 895 544 975 prius
603 895 816 976 digna
876 895 1350 958 satisfactione
1408 896 1771 960 emendare
1832 899 2168 963 maluerit.
2275 900 2461 967 Acta

352 1001 459 1057 est
503 992 673 1057 haec
723 994 1041 1075 praefata
1093 995 1375 1058 donatio
1434 1014 1617 1059 anno
1672 998 1759 1059 ab
1811 998 2282 1063 incarnatione
2334 1003 2457 1065 do-

349 1094 520 1155 mini
554 1093 774 1157 nostri
807 1094 1018 1157 Ihesu
1055 1092 1314 1157 Christi
1351 1111 1810 1159 nccccxnvn.

463 1194 541 1273 ›1‹
574 1193 727 1276 Ego
776 1193 1131 1256 Eadredus
1178 1213 1303 1256 rex
1359 1193 1747 1276 Anglorum
1797 1194 2183 1277 praefatam
2238 1198 2455 1262 dona-

350 1292 610 1355 tionem
661 1294 791 1356 sub
845 1292 1076 1374 sigillo
1122 1302 1405 1357 sanctae
1455 1295 1679 1357 crucis
1723 1295 2301 1361 indeclinabiliter
2343 1318 2455 1361 ro-

347 1393 615 1455 boraui.
732 1395 810 1474 ›1‹
841 1392 994 1473 Ego
1029 1393 1182 1456 Oda
1222 1393 1769 1458 Dorobernensis
1816 1396 2189 1461 aecclesiae
2235 1397 2457 1461 archi-

348 1492 717 1573 episcopus
749 1492 1053 1555 eiusdem
1091 1493 1273 1574 regis
1317 1494 1783 1576 principatum
1809 1503 1880 1559 et
1905 1496 2454 1561 beneuolentiam

342 1611 501 1669 cum
529 1591 760 1672 sigillo
794 1600 1080 1656 sanctae
1110 1595 1332 1657 crucis
1365 1594 1712 1672 conclusi3
1767 1615 1922 1658 cum
1955 1597 2191 1661 multis
2223 1598 2399 1661 aliis.

1125 1887 1685 1954 ccccxvlll.

1098 2002 1535 2116 ERDRED,
1579 2038 1727 2102 948.

464 2190 542 2269 ›1‹
573 2186 664 2250 IN
697 2186 971 2249 nomine
1004 2185 1113 2248 dei
1146 2186 1394 2248 summi
1427 2192 1497 2249 et
1539 2186 1856 2249 altissimi
1902 2186 2111 2250 Ihesu
2150 2188 2407 2254 Christi
2436 2194 2449 2255 !

353 2286 644 2350 Beantis
674 2286 1151 2349 uniuersorum
1188 2305 1359 2349 uoce
1390 2304 1744 2348 monemur
1783 2287 2165 2367 praeclara,
2203 2308 2449 2369 procu-

351 2405 582 2450 remus
615 2387 1063 2462 incessanter,
1092 2386 1238 2448 sine
1264 2385 1725 2448 amaritudine
1753 2387 2026 2462 mentis,
2060 2385 2265 2449 huius
2298 2407 2450 2452 sae-

346 2486 486 2550 culi
522 2486 921 2563 ambitione,
950 2486 1222 2567 integra
1255 2485 1600 2562 libertate,
1625 2486 1884 2568 apertis
1915 2484 2167 2563 ianuiS,
2191 2487 2450 2552 intrare

346 2586 431 2648 ad
464 2606 623 2649 eum
657 2587 776 2668 qui
809 2606 937 2649 suo
965 2606 1207 2650 cruore
1252 2586 1514 2649 scelera
1561 2593 1799 2649 nostra
1837 2586 2125 2650 detersit
2166 2588 2446 2652 iniusta.

348 2685 620 2748 Idcirco
666 2705 795 2765 ego
843 2685 1200 2749 Eadredus
1245 2705 1370 2748 rex
1414 2683 1829 2766 Aug-lorum,
1882 2694 2449 2770 caeterarumque

345 2785 655 2866 gentium
697 2786 768 2846 in
801 2786 1094 2849 circuitu
1142 2785 1656 2867 persistentium
1720 2786 2145 2866 gubernator
2188 2796 2257 2851 et
2301 2807 2448 2850 rec-

343 2892 476 2960 tor,
523 2884 825 2948 secundo
884 2904 1067 2948 anno
1124 2885 1393 2966 imperii
1454 2885 1612 2959 mei,
1657 2883 2086 2948 litteratoriis
2138 2886 2449 2967 apicibus

344 2984 692 3059 roboraui,
724 2984 909 3066 quod
946 3005 1103 3047 cum
1134 3003 1472 3048 consensu
1507 2982 1939 3045 heroicorum
1963 2984 2269 3046 uirorum
2303 2992 2446 3047 tra-

345 3083 486 3146 didi
521 3083 795 3146 cuidam
830 3084 1196 3165 religiosae
1237 3082 1532 3146 feminae
1566 3083 1915 3146 uocitatae
1952 3083 2225 3147 nomine
2264 3085 2444 3147 AElf-

344 3180 533 3265 bryo,
581 3190 651 3246 et
687 3203 814 3264 pro
859 3183 1140 3246 amabili
1184 3183 1516 3264 petitione
1550 3182 1770 3264 patris
1799 3184 1907 3246 sui
1948 3199 2125 3246 ‚vl11.
2168 3204 2447 3248 mansas

341 3282 653 3364 agelluli,
698 3302 964 3346 necnon
1013 3290 1084 3345 et
1121 3302 1248 3364 pro
1294 3282 1618 3364 placabili
1670 3282 1965 3363 pecunia
2018 3303 2227 3365 quam
2279 3284 2447 3347 mihi

337 3382 409 3445 in
462 3401 633 3446 suae
667 3381 1056 3445 deuotionis
1102 3383 1434 3463 obsequio
1466 3380 1740 3458 detulit,
1779 3383 1908 3446 hoc
1950 3390 2057 3446 est
2096 3400 2219 3447 Lx,
2254 3403 2447 3446 man-

340 3501 545 3546 cusas
594 3482 944 3564 purissimi
994 3482 1154 3557 olei,
1188 3483 1259 3544 in
1301 3482 1421 3544 illo
1466 3481 1621 3543 loco
1672 3482 1791 3544 ubi
1836 3483 2196 3544 turbarum
2231 3483 2444 3546 colla-

336 3583 527 3646 tione
560 3582 697 3644 iam
733 3580 993 3643 dudum
1037 3600 1287 3644 nomen
1321 3581 1593 3644 illatum
1629 3578 1761 3644 hoc
1798 3581 2041 3645 adesse
2076 3583 2445 3663 profertur,

334 3700 499 3764 pars
544 3680 813 3743 telluris
849 3680 1316 3762 Purbicinga3
1366 3688 1445 3743 ut
1472 3688 1730 3744 terram
1774 3681 1914 3742 iam
1957 3681 2340 3762 praefatam
2374 3685 2446 3746 in

336 3801 419 3844 eo
465 3780 733 3843 scilicet
767 3787 1022 3843 ouante
1068 3800 1402 3843 concessu
1450 3780 1844 3843 tramitibus
1890 3800 2058 3844 suae
2095 3782 2449 3864 possideat

341 3881 571 3958 uitae3
652 3880 976 3961 deinceps
1040 3900 1337 3962 namque
1415 3880 1547 3942 sibi
1609 3880 2004 3944 succedenti
2061 3883 2446 3964 cuicunque

335 3979 639 4043 uoluerit
717 3978 994 4043 haeredi
1071 3979 1506 4061 derelinquat
1566 3979 1639 4041 in
1707 3987 2059 4043 aeternam
2132 3981 2443 4044 haeredi-

336 4087 578 4143 tatem.
704 4077 998 4143 Maneat
1056 4080 1270 4160 igitur
1327 4098 1558 4141 meum
1620 4078 1751 4142 hoc
1808 4079 2132 4142 inmobile
2188 4080 2443 4144 donum

338 4187 624 4242 aeterna
685 4178 1006 4243 libertate
1071 4178 1463 4254 iocundum,
1517 4198 1674 4240 cum
1742 4179 2056 4242 omnibus
2113 4198 2290 4261 quae
2355 4181 2442 4244 ad
