3044 5019
860 474 1202 522 CHARTAF.
1249 474 1934 522 ANGLoSAxochE.
2314 457 2443 523 197

452 632 530 714 ›1‹
554 629 708 712 Ego
739 630 1049 695 eadwine
1073 679 1089 695 .
1110 632 1326 695 abbas
1350 679 1365 695 .
1386 630 1707 695 consensi
1735 680 1750 696 .
1772 638 1843 695 et
1876 622 2273 714 subscripsi.
2296 649 2301 656 ‘

451 733 529 812 ›1‹
551 731 706 812 Ego
738 729 1040 796 aeiselnoss
1063 780 1079 795 .
1101 733 1315 796 abbas
1342 779 1358 796 .
1379 732 1698 795 consensi
1725 779 1741 795 .
1767 739 1837 796 et
1870 732 2267 815 subscripsi.
2298 747 2301 752 ’

452 833 530 912 ›1‹
553 829 708 913 Ego
737 831 1114 914 biorhtsige
1137 880 1154 896 .
1175 832 1389 895 abbas
1415 880 1429 894 .
1451 832 1808 895 consensi.
1830 840 1900 895 et
1928 832 2326 916 subscripsi.

450 933 528 1012 ›1‹
551 931 706 1011 Ego
737 931 1035 996 aelfwald
1063 980 1079 996 .
1101 932 1245 995 dux
1278 982 1294 999 .
1319 933 1634 996 consensi
1663 980 1678 996 .
1706 940 1777 996 et
1805 933 2200 1016 subscripsi.

452 1033 530 1112 ›1‹
552 1031 722 1113 Ego,
739 1031 962 1095 osser&
983 1079 997 1094 .
1019 1032 1164 1095 dux
1188 1082 1204 1097 .
1225 1033 1543 1096 consensi
1570 1080 1586 1096 .
1612 1039 1684 1096 et
1715 1033 2113 1115 subscripsi.

454 1131 529 1212 ›1‹
554 1130 708 1213 Ego
740 1131 1070 1196 aeiSelstan
1093 1180 1109 1196 .
1132 1132 1275 1195 dux
1296 1180 1310 1194 .
1338 1133 1650 1196 consensi
1680 1181 1694 1196 .
1716 1139 1788 1196 et
1818 1134 2215 1217 subscripsi.

451 1233 529 1312 ›1‹
552 1231 706 1314 Ego
733 1253 887 1296 u-rm
910 1281 925 1297 .
947 1232 1092 1296 dux
1120 1280 1136 1296 .
1156 1233 1513 1297 consensi.
1535 1240 1605 1297 et
1633 1233 2032 1315 subscripsi.

451 1331 526 1412 »1⁴
549 1332 702 1415 Ego
729 1333 1016 1397 inhwaer
1041 1380 1056 1396 .
1078 1332 1223 1396 dux
1243 1380 1257 1394 .
1284 1333 1640 1398 consensi.
1666 1340 1737 1397 et
1769 1333 2162 1415 subscripsi.

450 1431 525 1512 ›1‹
549 1432 703 1515 Ego
734 1433 1055 1497 halfdene
1083 1481 1099 1497 .
1122 1433 1267 1497 dux
1291 1481 1307 1497 .
1332 1433 1685 1497 consensi.
1714 1440 1784 1496 et
1814 1433 2205 1516 subscripsi.

449 1530 524 1611 »1⁴
548 1531 701 1613 Ego
736 1534 929 1597 osulf
946 1581 962 1597 .
988 1534 1133 1597 dux
1158 1582 1173 1598 .
1197 1533 1516 1597 consensi
1542 1577 1557 1597 .
1583 1541 1652 1598 et
1683 1533 2077 1617 subscripsi.

445 1631 520 1712 ›1‹
544 1633 697 1715 Ego
731 1634 977 1699 uhtred
1006 1682 1022 1698 .
1044 1635 1189 1699 dux
1220 1682 1236 1698 .
1261 1635 1621 1698 consensi.
1647 1641 1717 1698 et
1749 1634 2147 1717 subscripsi.

444 1733 519 1814 ›1‹
543 1732 696 1816 Ego
726 1735 1065 1798 aescberht
1088 1782 1105 1801 .
1128 1735 1273 1798 dux
1297 1783 1312 1799 .
1334 1735 1652 1798 consensi
1677 1782 1692 1798 .
1720 1741 1790 1797 et
1823 1735 2220 1817 subscripsi.

443 1832 529 1913 »1«.
542 1834 696 1916 Ego
730 1834 1005 1900 aelfstan
1033 1883 1049 1899 .
1074 1835 1218 1898 dux
1244 1883 1259 1899 .
1285 1835 1602 1898 consensi
1629 1881 1642 1895 .
1665 1840 1736 1897 et
1762 1834 2158 1917 subscripsi.

445 1933 520 2014 ›1‹
546 1934 700 2016 Ego
732 1935 923 1999 scule
946 1983 962 1999 .
981 1936 1127 1999 dux
1156 1984 1171 2000 .
1192 1934 1512 1999 consensi
1539 1983 1554 1999 .
1577 1942 1648 1998 et
1681 1935 2079 2017 subscripsi.

445 2033 520 2114 ›1‹
544 2035 698 2117 Ego
730 2034 910 2098 hadd
937 2083 953 2100 .
973 2036 1118 2100 dux
1142 2084 1157 2100 .
1179 2037 1535 2100 consensi.
1556 2042 1629 2100 et
1660 2034 2053 2117 subscripsi.

445 2136 523 2215 ›1‹
545 2135 699 2217 Ego
726 2135 1035 2199 wulfheh
1058 2185 1075 2199 .
1101 2135 1166 2198 ffl
1192 2185 1208 2201 .
1233 2135 1588 2200 consensi.
1614 2141 1685 2199 et
1714 2136 2107 2219 subscripsi.

445 2236 523 2315 ›1‹
545 2235 699 2317 Ego
732 2235 1008 2300 wullaf.
1035 2236 1100 2298 fii
1127 2284 1143 2300 .
1163 2237 1481 2301 consensi
1508 2283 1524 2299 .
1546 2242 1617 2299 et
1648 2236 2039 2318 subscripsi.

446 2337 524 2416 ›1‹
547 2335 702 2416 Ego
734 2335 1030 2418 wulfgar
1051 2384 1068 2400 .
1092 2336 1160 2399 f'n
1185 2385 1200 2401 .
1222 2336 1541 2401 consensi
1567 2381 1583 2397 .
1603 2343 1674 2399 et
1703 2336 2101 2418 subscripsi.

447 2437 525 2517 ›1‹
547 2436 704 2519 Ego
732 2436 1068 2500 wulfmaer
1090 2485 1105 2501 .
1132 2436 1197 2498 fii
1224 2485 1238 2500 .
1260 2436 1621 2500 consensi.
1643 2443 1713 2499 et
1747 2436 2143 2519 subscripsi.

445 2537 523 2616 ›1‹
544 2537 700 2617 Ego
732 2535 1065 2601 wulfnab.
1091 2537 1156 2600 ffi
1185 2586 1200 2602 .
1226 2538 1544 2602 consensi
1572 2585 1587 2601 .
1613 2545 1684 2602 et
1710 2536 2102 2620 subscripsi.

444 2639 522 2718 ›1‹
545 2637 701 2718 Ego
730 2636 911 2701 odda
931 2686 946 2702 .
970 2636 1032 2699 ffi
1058 2684 1072 2699 .
1103 2637 1458 2702 consensi.
1483 2644 1556 2701 et
1581 2638 2002 2720 sub.scripsi.

444 2738 522 2817 ›1‹
546 2737 701 2818 Ego
733 2738 1026 2818 wulfgar
1047 2786 1062 2802 .
1090 2737 1154 2801 ffi
1181 2787 1196 2803 .
1217 2737 1573 2802 consensi.
1602 2730 2119 2820 et-sub.scripsi.

447 2840 525 2919 ›1‹
548 2837 703 2917 Ego
736 2835 1064 2901 aebelstan
1094 2887 1110 2902 .
1134 2837 1199 2900 ffi
1229 2886 1245 2902 .
1268 2838 1624 2903 consensi.
1650 2845 1721 2901 et
1748 2838 2166 2920 sub.scripsi.

444 2938 522 3020 ›1‹
546 2937 703 3019 Ego
735 2937 1017 3002 aelfhaeh
1047 2987 1063 3002 .
1091 2937 1157 3001 ffi
1184 2986 1200 3002 .
1227 2938 1545 3002 consensi
1572 2987 1588 3003 .
1609 2945 1679 3001 et
1708 2936 2131 3019 sub.scripsi.

447 3038 522 3119 ›1‹
545 3037 702 3117 Ego
733 3038 1051 3121 wulfsige
1078 3087 1093 3103 .
1117 3037 1183 3100 ffi
1215 3087 1231 3102 .
1257 3037 1572 3102 consensi
1600 3087 1615 3103 .
1646 3045 1717 3102 et
1746 3036 2166 3120 sub.scripsi.

447 3138 522 3219 ›1‹
546 3137 703 3217 Ego
731 3138 1031 3219 wihtgar
1057 3187 1073 3203 .
1100 3137 1166 3201 ffi
1196 3187 1212 3203 .
1237 3139 1594 3203 consensi.
1621 3145 1692 3203 et
1724 3137 2147 3221 sub.scripsi.

444 3240 522 3322 ›1‹
544 3238 701 3317 Ego
733 3238 1018 3303 aelfhere
1040 3287 1056 3303 .
1077 3237 1143 3301 ffi
1169 3287 1185 3304 .
1209 3238 1527 3302 consensi
1554 3287 1570 3304 .
1591 3246 1662 3302 et
1691 3238 2112 3321 sub.scripsi.

443 3340 521 3422 ›1‹
545 3337 700 3417 Ego
732 3337 961 3403 eadric
988 3388 1003 3404 .
1024 3339 1090 3401 fri
1118 3387 1133 3403 .
1156 3338 1470 3403 consensi
1503 3387 1518 3403 .
1544 3346 1615 3403 et
1647 3339 2069 3420 sub.scripsi.

440 3440 520 3517 ›1‹
542 3437 696 3517 Ego
728 3432 1076 3503 aesselwold
1106 3487 1121 3503 .
1147 3438 1212 3501 iii
1239 3487 1255 3503 .
1277 3439 1634 3503 consensi.
1665 3446 1735 3503 et
1767 3438 2191 3521 sub.scripsi.

397 3540 402 3544 ’
440 3541 518 3620 ›1‹
541 3537 697 3619 Ego
726 3538 1036 3603 eadwald
1064 3587 1079 3603 .
1106 3538 1171 3602 iii
1197 3587 1212 3603 .
1236 3539 1554 3603 consensi
1577 3530 1687 3603 .'et
1717 3538 2140 3622 sub.scripsi.

443 3641 521 3720 ›1‹
544 3638 700 3719 Ego
728 3638 941 3703 aelfric
969 3687 985 3703 .
1007 3638 1072 3701 fii
1102 3689 1118 3704 .
1141 3639 1456 3704 consensi
1482 3686 1495 3699 .
1519 3645 1590 3702 et
1621 3639 2039 3722 sub.scripsi.

441 3738 516 3819 ›1‹
541 3737 696 3820 Ego
723 3737 1062 3803 eadmund
1089 3787 1104 3804 .
1125 3738 1191 3802 ffi
1221 3788 1237 3804 .
1259 3739 1577 3804 consensi
1604 3788 1620 3804 .
1642 3745 1712 3809 et
1740 3740 2162 3823 sub.scripsi.

442 3841 520 3920 ›1‹
543 3837 697 3918 Ego
730 3839 995 3903 wulfric
1018 3888 1033 3904 .
1061 3838 1126 3901 ffi
1151 3887 1167 3903 .
1189 3840 1547 3904 consensi.
1569 3845 1637 3903 et
1667 3840 2086 3922 sub.scripsi.

445 3941 523 4020 ›1‹
545 3938 699 4020 Ego
731 3939 873 4003 hun
899 3988 913 4003 .
939 3939 1004 4002 fh
1030 3988 1046 4003 .
1072 3941 1426 4004 consensi.
1453 3946 1524 4003 et
1553 3939 1976 4021 sub.scripsi.

444 4041 526 4120 ›1‹
546 4037 698 4119 Ego
728 4036 1097 4104 aesselberht
1119 4088 1136 4107 .
1163 4039 1228 4103 fh
1256 4087 1272 4104 .
1301 4040 1616 4104 consensi
1644 4088 1659 4104 .
1687 4046 1757 4103 et
1786 4040 2207 4120 sub.scripsi.

444 4139 519 4220 ›1‹
543 4139 696 4220 Ego
729 4141 1038 4224 wynsige
1062 4188 1078 4203 .
1099 4139 1165 4203 ffi
1187 4132 1205 4204 ⁴.
1228 4141 1544 4204 consensi
1573 4188 1588 4204 .
1614 4147 1684 4203 et
1715 4139 2137 4221 sub.scripsi.

443 4239 518 4320 ›1‹
541 4239 694 4322 Ego
726 4238 1037 4306 aeiSelferlS
1061 4289 1075 4304 .
1102 4240 1168 4303 fri
1194 4288 1209 4304 .
1235 4241 1591 4305 consensi.
1613 4247 1683 4304 et
1712 4239 2131 4320 sub.scripsi.
