3044 5019
880 441 1222 490 CHARTAE
1268 442 1949 492 ANGLosAonloAE.
2176 428 2186 439 “
2315 429 2446 492 209

1103 650 1678 770 CCCLXXaeIII.
1814 701 1821 705 .

949 775 1645 855 AETHELSTAN,
1683 776 1834 840 938.

441 897 523 977 ›1‹
570 883 789 962 Ain-10
836 900 923 962 ab
967 901 1442 965 incarnatione
1504 901 1853 966 dominica
1903 917 2183 964 chxx.
2220 902 2437 965 indic—

329 996 520 1060 tione
601 1007 709 1075 xl,
774 999 924 1081 Ego
991 999 1351 1064 AEsselstan
1408 1022 1535 1065 rex
1596 999 1982 1082 Anglorum
2061 1001 2239 1065 dabo
2310 1023 2436 1084 pro

336 1103 617 1160 aeterna
677 1100 1126 1164 retributione
1187 1102 1456 1164 animae
1520 1120 1712 1163 meae
1764 1101 2068 1183 quinque
2129 1109 2439 1165 cassatos

335 1198 449 1259 ubi
488 1198 758 1261 incolae
807 1200 1121 1264 uocitant
1167 1199 1634 1276 Culumstoce,
1674 1200 1803 1264 deo
1843 1208 1914 1263 et
1957 1207 2240 1264 sanctae
2281 1200 2439 1263 Ma-

334 1296 478 1360 riae
527 1304 599 1360 et
641 1306 884 1362 sancto
923 1298 1136 1364 Petro
1186 1300 1477 1382 principi
1514 1299 2011 1382 apostolorum,
2044 1299 2131 1361 ad
2164 1319 2438 1362 monas-

333 1396 585 1459 terium
641 1399 826 1479 quod
892 1401 981 1463 ab
1043 1400 1286 1464 incolis
1348 1400 1742 1464 nominatur
1799 1400 2295 1475 Exanceaster,
2362 1408 2440 1463 ut

335 1495 587 1560 habeat
652 1498 981 1580 quamdiu
1044 1499 1212 1562 fides
1272 1500 1615 1563 catholica
1667 1500 1739 1562 in
1795 1506 2000 1580 gente
2050 1497 2440 1580 Anglorum

335 1604 638 1660 maneat.
766 1597 1239 1680 Praecipimus
1289 1619 1565 1682 quoque
1614 1607 1685 1662 et
1732 1599 2169 1662 obsecramus
2214 1599 2288 1660 in
2332 1599 2441 1662 dei

334 1697 828 1778 omnipotentis
875 1699 1150 1764 nomine
1195 1707 1266 1762 et
1309 1700 1380 1761 in
1425 1706 1709 1762 sanctae
1749 1698 2113 1762 Trinitatis
2159 1698 2440 1775 honore,

335 1803 413 1859 ut
442 1795 677 1859 nullus
719 1797 925 1862 homo
952 1799 1025 1860 in
1058 1798 1290 1880 aliquo
1337 1806 1647 1880 tempore
1696 1817 2002 1879 unquam
2054 1797 2232 1860 hanc
2280 1817 2439 1861 nos-

333 1901 511 1958 tram
546 1896 1004 1961 donationem
1049 1898 1421 1979 infringere
1468 1916 1680 1961 ausus
1726 1898 1842 1973 sit,
1882 1895 2003 1960 sed
2044 1897 2311 1961 stabilis
2346 1899 2437 1962 sit

333 2014 567 2059 coram
602 1996 732 2059 deo
772 2003 845 2061 et
874 1997 1263 2060 hominibus
1313 2009 1535 2080 usque
1580 1999 1651 2060 in
1696 1996 2070 2060 saeculum.
2175 1997 2247 2060 Si
2283 1999 2438 2080 quis

335 2101 569 2158 autem
619 2096 692 2158 in
747 2097 984 2178 aliquo
1045 2096 1365 2178 frangere
1427 2097 1540 2161 uel
1605 2098 1908 2160 minuere
1971 2099 2437 2179 temptauerit,

332 2196 512 2259 sciat
543 2214 619 2259 se
656 2196 730 2258 in
775 2203 1060 2260 aeterna
1103 2197 1592 2279 dampnatione
1638 2197 1888 2279 puniri,
1935 2197 2067 2260 nisi
2113 2198 2222 2261 hic
2259 2198 2435 2261 cele—

331 2296 500 2358 riter
533 2296 871 2360 emendet.
899 2292 903 2298 ’
976 2296 1211 2361 Huius
1242 2297 1393 2378 agri
1418 2297 1691 2360 termini
1721 2296 1892 2360 haec
1927 2305 2114 2372 sunt,
2143 2305 2274 2359 etc.

444 2396 522 2476 ›1‹
562 2395 715 2477 Ego
761 2395 1120 2460 AEbelstan
1163 2417 1288 2459 rex
1324 2394 1712 2479 Anglorum
1751 2396 1929 2459 hanc
1973 2415 2195 2459 meam
2223 2396 2437 2459 dona-

330 2495 589 2559 tionem
642 2516 799 2559 cum
843 2496 1072 2578 sigillo
1112 2505 1393 2562 sanctae
1440 2497 1662 2560 crucis
1709 2496 2044 2579 impressi.
2159 2496 2437 2579 ›1⁴'Ego

331 2595 725 2672 Eadmund,
759 2597 1009 2661 indolis
1044 2598 1233 2675 clito,
1279 2597 1620 2661 consensi.
1734 2599 1812 2679 ›1‹
1859 2597 2010 2678 Ego
2043 2596 2436 2662 wulfhelm

329 2695 885 2779 archiepiscopus
938 2697 1217 2761 dictaui.
1336 2699 1414 2779 ›1‹
1467 2697 1619 2779 Ego
1675 2696 1831 2759 AElf
1834 2696 2009 2760 heah
2068 2698 2434 2779 episcopus

332 2796 681 2877 adquieui.
814 2799 892 2879 ›1‹
936 2797 1091 2879 Ego
1158 2795 1489 2878 AEoelgar
1552 2797 1916 2878 episcopus
1976 2797 2235 2859 notaui.
2351 2799 2429 2879 ›1‹

336 2896 488 2976 Ego
524 2895 908 2960 Brihthelm
943 2898 1309 2980 episcopus
1341 2896 1505 2960 faui.
1618 2897 1700 2977 ›1‹
1742 2895 1895 2974 Ego
1913 2894 2253 2976 Wynsige
2297 2897 2440 2976 epi·

334 3015 588 3077 scopus
620 2996 948 3060 conclusi.
1050 2998 1128 3078 ›1‹
1161 2995 1488 3078 Wulfgar
1515 2996 1685 3059 dux.
1772 2996 1850 3076 ›1‹
1885 2992 2245 3058 AEoelstan
2272 2994 2440 3058 dux.

343 3095 421 3175 ›1‹
467 3094 670 3158 Odda
716 3097 834 3160 mi.
915 3099 1022 3179 ›1‹
1067 3095 1345 3160 AElfeah
1394 3099 1508 3161 mi.
1625 3098 1703 3178 ›1‹
1735 3092 2078 3163 AEoelfeffi
2125 3095 2235 3157 mi.
2351 3097 2429 3177 ›1‹

337 3194 668 3275 Wihtgar
694 3197 802 3258 mi.

797 3492 802 3493 f
1113 3394 1668 3462 CCCLXXIV.

908 3543 949 3586 *
984 3514 1677 3620 AETHELSTRN,
1723 3544 1874 3609 938.

660 3692 1070 3756 REGNANTE
1112 3693 1189 3755 in
1226 3700 1562 3757 aeternum
1609 3691 1750 3780 xpo
1797 3693 1939 3757 filio
1990 3690 2059 3755 di
2105 3694 2223 3775 qui
2269 3694 2450 3758 sicut

349 3692 872 3947 {Ptempora
915 3794 1337 3876 temporibus
1380 3841 1395 3856 .
1426 3794 1529 3857 ita
1555 3794 1764 3858 etiam
1798 3793 1919 3855 dat
1945 3812 2164 3873 regna
2197 3794 2448 3875 quibus

559 3893 715 3957 uult
756 3893 1034 3974 regibus
1079 3892 1233 3974 Ego
1275 3891 1688 3958 aesselstanus
1724 3892 2006 3956 humilis,
2042 3900 2112 3956 et
2154 3892 2447 3956 deuotus

338 4009 463 4052 rex
496 3992 860 4074 anglorum
889 3992 1267 4057 uenerabili
1285 3990 1412 4080 epo
1435 3992 1847 4057 frithestano
1868 3999 2218 4097 uuentane
2241 3991 2450 4098 ecclae

339 4109 495 4171 quae
539 4094 619 4156 in
658 4092 923 4157 honore
984 4094 1189 4155 sssorii
1249 4092 1569 4174 aplorum
1630 4093 1808 4175 petri
1853 4099 1925 4155 et
1967 4092 2161 4173 pauli
2208 4110 2449 4154 conse-

335 4198 531 4253 crata
596 4199 703 4256 est
736 4241 753 4256 .
789 4193 968 4256 hanc
1014 4192 1280 4256 cartul-zi
1326 4192 1473 4256 fieri
1528 4193 1698 4256 iussi
1747 4239 1762 4255 .
1808 4198 1957 4273 atq:
2001 4191 2072 4253 in
2119 4209 2202 4253 ea
2244 4213 2299 4275 p
2343 4192 2448 4255 in*

436 4307 611 4356 ΤοΜ.
649 4308 726 4356 11.
2114 4306 2152 4350 P
