<?xml version="1.0" encoding="UTF-8"?>
<!DOCTYPE html PUBLIC "-//W3C//DTD XHTML 1.0 Transitional//EN"
    "http://www.w3.org/TR/xhtml1/DTD/xhtml1-transitional.dtd">
<html xmlns="http://www.w3.org/1999/xhtml" xml:lang="en" lang="en">
 <head>
  <title>
</title>
<meta http-equiv="Content-Type" content="text/html;charset=utf-8" />
  <meta name='ocr-system' content='tesseract 3.04.00' />
  <meta name='ocr-capabilities' content='ocr_page ocr_carea ocr_par ocr_line ocrx_word'/>
</head>
<body>
  <div class='ocr_page' id='page_1' title='image "./codexdiplomatic05kembgoog_0056.png"; bbox 0 0 3044 5019; ppageno 0'>
   <div class='ocr_carea' id='block_1_1' title="bbox 641 415 2233 479">
    <p class='ocr_par' dir='ltr' id='par_1_1' title="bbox 641 415 2233 479">
     <span class='ocr_line' id='line_1_1' title="bbox 641 415 2233 479; baseline -0.001 0"><span class='ocrx_word' id='word_1_1' title='bbox 641 415 729 479; x_wconf 73' lang='lat'><strong>20</strong></span> <span class='ocrx_word' id='word_1_2' title='bbox 1157 430 1502 479; x_wconf 74' lang='lat' dir='ltr'><strong>anRrAE</strong></span> <span class='ocrx_word' id='word_1_3' title='bbox 1549 428 2233 478; x_wconf 64' lang='lat' dir='ltr'><strong>AnonosAxochss.</strong></span> 
     </span>
    </p>
   </div>
   <div class='ocr_carea' id='block_1_2' title="bbox 653 587 2761 1572">
    <p class='ocr_par' dir='ltr' id='par_1_2' title="bbox 653 587 2761 1572">
     <span class='ocr_line' id='line_1_2' title="bbox 653 587 2752 674; baseline -0.002 -21"><span class='ocrx_word' id='word_1_4' title='bbox 653 588 899 653; x_wconf 87' lang='lat' dir='ltr'><strong>contra</strong></span> <span class='ocrx_word' id='word_1_5' title='bbox 927 609 1213 653; x_wconf 88' lang='lat' dir='ltr'><strong>uxorem</strong></span> <span class='ocrx_word' id='word_1_6' title='bbox 1237 590 1384 654; x_wconf 88' lang='lat' dir='ltr'><strong>cius</strong></span> <span class='ocrx_word' id='word_1_7' title='bbox 1413 590 2012 674; x_wconf 85' lang='lat' dir='ltr'><strong>Beornthrythae;</strong></span> <span class='ocrx_word' id='word_1_8' title='bbox 2057 589 2251 653; x_wconf 90' lang='lat' dir='ltr'><strong>cuius</strong></span> <span class='ocrx_word' id='word_1_9' title='bbox 2284 587 2752 652; x_wconf 80' lang='lat' dir='ltr'><strong>altercationis</strong></span> 
     </span>
     <span class='ocr_line' id='line_1_3' title="bbox 657 686 2751 773; baseline -0.002 -20"><span class='ocrx_word' id='word_1_10' title='bbox 657 689 1054 753; x_wconf 90' lang='lat' dir='ltr'><strong>conflictum</strong></span> <span class='ocrx_word' id='word_1_11' title='bbox 1080 710 1304 773; x_wconf 90' lang='lat' dir='ltr'><strong>neque</strong></span> <span class='ocrx_word' id='word_1_12' title='bbox 1351 709 1395 754; x_wconf 92' lang='lat' dir='ltr'><strong>a</strong></span> <span class='ocrx_word' id='word_1_13' title='bbox 1438 691 1718 755; x_wconf 91' lang='lat' dir='ltr'><strong>domino</strong></span> <span class='ocrx_word' id='word_1_14' title='bbox 1764 690 2277 772; x_wconf 83' lang='lat' dir='ltr'><strong>archiepiscopo</strong></span> <span class='ocrx_word' id='word_1_15' title='bbox 2324 707 2448 751; x_wconf 89' lang='lat' dir='ltr'><strong>nec</strong></span> <span class='ocrx_word' id='word_1_16' title='bbox 2494 689 2583 751; x_wconf 90' lang='lat' dir='ltr'><strong>ab</strong></span> <span class='ocrx_word' id='word_1_17' title='bbox 2628 686 2751 750; x_wconf 91' lang='lat' dir='ltr'><strong>ali-</strong></span> 
     </span>
     <span class='ocr_line' id='line_1_4' title="bbox 661 788 2755 873; baseline -0 -22"><span class='ocrx_word' id='word_1_18' title='bbox 661 790 909 871; x_wconf 87' lang='lat' dir='ltr'><strong>quibus</strong></span> <span class='ocrx_word' id='word_1_19' title='bbox 955 791 1264 873; x_wconf 90' lang='lat' dir='ltr'><strong>personis</strong></span> <span class='ocrx_word' id='word_1_20' title='bbox 1295 790 1734 855; x_wconf 87' lang='lat' dir='ltr'><strong>inferioribus</strong></span> <span class='ocrx_word' id='word_1_21' title='bbox 1772 791 1915 855; x_wconf 92' lang='lat' dir='ltr'><strong>ullo</strong></span> <span class='ocrx_word' id='word_1_22' title='bbox 1961 791 2165 853; x_wconf 91' lang='lat' dir='ltr'><strong>modo</strong></span> <span class='ocrx_word' id='word_1_23' title='bbox 2217 789 2458 853; x_wconf 89' lang='lat' dir='ltr'><strong>sedare</strong></span> <span class='ocrx_word' id='word_1_24' title='bbox 2506 788 2755 870; x_wconf 88' lang='lat' dir='ltr'><strong>potuit,</strong></span> 
     </span>
     <span class='ocr_line' id='line_1_5' title="bbox 662 887 2761 974; baseline -0.001 -22"><span class='ocrx_word' id='word_1_25' title='bbox 662 889 783 953; x_wconf 89' lang='lat' dir='ltr'><strong>sed</strong></span> <span class='ocrx_word' id='word_1_26' title='bbox 813 890 1087 972; x_wconf 90' lang='lat' dir='ltr'><strong>utrique</strong></span> <span class='ocrx_word' id='word_1_27' title='bbox 1129 898 1362 972; x_wconf 85' lang='lat' dir='ltr'><strong>partes</strong></span> <span class='ocrx_word' id='word_1_28' title='bbox 1409 891 1496 954; x_wconf 92' lang='lat' dir='ltr'><strong>ad</strong></span> <span class='ocrx_word' id='word_1_29' title='bbox 1540 891 1874 974; x_wconf 83' lang='lat' dir='ltr'><strong>synodale</strong></span> <span class='ocrx_word' id='word_1_30' title='bbox 1910 890 2277 955; x_wconf 89' lang='lat' dir='ltr'><strong>concilium</strong></span> <span class='ocrx_word' id='word_1_31' title='bbox 2322 887 2649 951; x_wconf 89' lang='lat' dir='ltr'><strong>aduocari</strong></span> <span class='ocrx_word' id='word_1_32' title='bbox 2691 895 2761 950; x_wconf 91' lang='lat' dir='ltr'><strong>et</strong></span> 
     </span>
     <span class='ocr_line' id='line_1_6' title="bbox 662 989 2758 1075; baseline -0 -23"><span class='ocrx_word' id='word_1_33' title='bbox 662 989 941 1053; x_wconf 84' lang='lat' dir='ltr'><strong>inuitari</strong></span> <span class='ocrx_word' id='word_1_34' title='bbox 972 991 1412 1054; x_wconf 84' lang='lat' dir='ltr'><strong>iubebantur:</strong></span> <span class='ocrx_word' id='word_1_35' title='bbox 1444 997 1515 1054; x_wconf 88' lang='lat' dir='ltr'><strong>et</strong></span> <span class='ocrx_word' id='word_1_36' title='bbox 1543 1010 1699 1054; x_wconf 89' lang='lat' dir='ltr'><strong>cum</strong></span> <span class='ocrx_word' id='word_1_37' title='bbox 1731 990 1817 1054; x_wconf 92' lang='lat' dir='ltr'><strong>ad</strong></span> <span class='ocrx_word' id='word_1_38' title='bbox 1851 991 2190 1075; x_wconf 86' lang='lat' dir='ltr'><strong>synodum</strong></span> <span class='ocrx_word' id='word_1_39' title='bbox 2217 989 2660 1053; x_wconf 90' lang='lat' dir='ltr'><strong>deuenissent</strong></span> <span class='ocrx_word' id='word_1_40' title='bbox 2688 995 2758 1051; x_wconf 93' lang='lat' dir='ltr'><strong>et</strong></span> 
     </span>
     <span class='ocr_line' id='line_1_7' title="bbox 666 1089 2759 1172; baseline 0 -21"><span class='ocrx_word' id='word_1_41' title='bbox 666 1089 978 1170; x_wconf 83' lang='lat' dir='ltr'><strong>diligenti</strong></span> <span class='ocrx_word' id='word_1_42' title='bbox 1016 1089 1548 1172; x_wconf 83' lang='lat' dir='ltr'><strong>inuestigatione</strong></span> <span class='ocrx_word' id='word_1_43' title='bbox 1587 1090 1903 1154; x_wconf 87' lang='lat' dir='ltr'><strong>ueritatis</strong></span> <span class='ocrx_word' id='word_1_44' title='bbox 1946 1089 2292 1154; x_wconf 89' lang='lat' dir='ltr'><strong>sententia</strong></span> <span class='ocrx_word' id='word_1_45' title='bbox 2318 1096 2759 1170; x_wconf 88' lang='lat' dir='ltr'><strong>utrarumque</strong></span> 
     </span>
     <span class='ocr_line' id='line_1_8' title="bbox 665 1189 2756 1273; baseline -0 -22"><span class='ocrx_word' id='word_1_46' title='bbox 665 1189 965 1271; x_wconf 85' lang='lat' dir='ltr'><strong>partium</strong></span> <span class='ocrx_word' id='word_1_47' title='bbox 1010 1210 1051 1253; x_wconf 91' lang='lat' dir='ltr'><strong>a</strong></span> <span class='ocrx_word' id='word_1_48' title='bbox 1096 1197 1337 1254; x_wconf 84' lang='lat' dir='ltr'><strong>sancto</strong></span> <span class='ocrx_word' id='word_1_49' title='bbox 1375 1190 1665 1273; x_wconf 89' lang='lat' dir='ltr'><strong>synod0,</strong></span> <span class='ocrx_word' id='word_1_50' title='bbox 1690 1210 1868 1273; x_wconf 92' lang='lat' dir='ltr'><strong>quae</strong></span> <span class='ocrx_word' id='word_1_51' title='bbox 1898 1190 2083 1255; x_wconf 89' lang='lat' dir='ltr'><strong>facta</strong></span> <span class='ocrx_word' id='word_1_52' title='bbox 2125 1197 2233 1253; x_wconf 91' lang='lat' dir='ltr'><strong>est</strong></span> <span class='ocrx_word' id='word_1_53' title='bbox 2259 1190 2334 1254; x_wconf 91' lang='lat' dir='ltr'><strong>in</strong></span> <span class='ocrx_word' id='word_1_54' title='bbox 2360 1189 2516 1252; x_wconf 89' lang='lat' dir='ltr'><strong>loco</strong></span> <span class='ocrx_word' id='word_1_55' title='bbox 2560 1208 2756 1270; x_wconf 90' lang='lat' dir='ltr'><strong>prae-</strong></span> 
     </span>
     <span class='ocr_line' id='line_1_9' title="bbox 663 1287 2760 1373; baseline -0 -21"><span class='ocrx_word' id='word_1_56' title='bbox 663 1289 852 1352; x_wconf 92' lang='lat' dir='ltr'><strong>claro</strong></span> <span class='ocrx_word' id='word_1_57' title='bbox 880 1298 993 1353; x_wconf 91' lang='lat' dir='ltr'><strong>aet</strong></span> <span class='ocrx_word' id='word_1_58' title='bbox 1012 1287 1291 1365; x_wconf 89' lang='lat' dir='ltr'><strong>Aeclea,</strong></span> <span class='ocrx_word' id='word_1_59' title='bbox 1306 1291 1699 1373; x_wconf 90' lang='lat' dir='ltr'><strong>quaerendo</strong></span> <span class='ocrx_word' id='word_1_60' title='bbox 1716 1292 2250 1367; x_wconf 86' lang='lat' dir='ltr'><strong>examinaretur,</strong></span> <span class='ocrx_word' id='word_1_61' title='bbox 2267 1291 2624 1353; x_wconf 85' lang='lat' dir='ltr'><strong>inuentum</strong></span> <span class='ocrx_word' id='word_1_62' title='bbox 2653 1296 2760 1351; x_wconf 87' lang='lat' dir='ltr'><strong>est</strong></span> 
     </span>
     <span class='ocr_line' id='line_1_10' title="bbox 668 1388 2757 1472; baseline -0 -21"><span class='ocrx_word' id='word_1_63' title='bbox 668 1388 839 1452; x_wconf 91' lang='lat' dir='ltr'><strong>nihil</strong></span> <span class='ocrx_word' id='word_1_64' title='bbox 866 1390 1116 1453; x_wconf 89' lang='lat' dir='ltr'><strong>iustius</strong></span> <span class='ocrx_word' id='word_1_65' title='bbox 1157 1409 1282 1453; x_wconf 89' lang='lat' dir='ltr'><strong>nec</strong></span> <span class='ocrx_word' id='word_1_66' title='bbox 1322 1391 1576 1454; x_wconf 89' lang='lat' dir='ltr'><strong>rectius</strong></span> <span class='ocrx_word' id='word_1_67' title='bbox 1608 1410 1759 1454; x_wconf 89' lang='lat' dir='ltr'><strong>esse</strong></span> <span class='ocrx_word' id='word_1_68' title='bbox 1795 1410 1996 1472; x_wconf 91' lang='lat' dir='ltr'><strong>posse</strong></span> <span class='ocrx_word' id='word_1_69' title='bbox 2032 1397 2375 1467; x_wconf 79' lang='lat' dir='ltr'><strong>constare,</strong></span> <span class='ocrx_word' id='word_1_70' title='bbox 2420 1409 2627 1471; x_wconf 89' lang='lat' dir='ltr'><strong>quam</strong></span> <span class='ocrx_word' id='word_1_71' title='bbox 2659 1389 2757 1450; x_wconf 92' lang='lat' dir='ltr'><strong>sic</strong></span> 
     </span>
     <span class='ocr_line' id='line_1_11' title="bbox 667 1487 2757 1572; baseline -0 -21"><span class='ocrx_word' id='word_1_72' title='bbox 667 1508 1109 1570; x_wconf 90' lang='lat' dir='ltr'><strong>perseuerare</strong></span> <span class='ocrx_word' id='word_1_73' title='bbox 1126 1490 1617 1554; x_wconf 90' lang='lat' dir='ltr'><strong>haereditatem</strong></span> <span class='ocrx_word' id='word_1_74' title='bbox 1638 1490 1906 1554; x_wconf 91' lang='lat' dir='ltr'><strong>Osuulfi</strong></span> <span class='ocrx_word' id='word_1_75' title='bbox 1927 1491 2106 1554; x_wconf 91' lang='lat' dir='ltr'><strong>sicut</strong></span> <span class='ocrx_word' id='word_1_76' title='bbox 2126 1492 2272 1572; x_wconf 90' lang='lat' dir='ltr'><strong>ipse</strong></span> <span class='ocrx_word' id='word_1_77' title='bbox 2297 1488 2560 1554; x_wconf 87' lang='lat' dir='ltr'><strong>osuulf</strong></span> <span class='ocrx_word' id='word_1_78' title='bbox 2568 1487 2757 1570; x_wconf 90' lang='lat' dir='ltr'><strong>prius</strong></span> 
     </span>
    </p>
   </div>
   <div class='ocr_carea' id='block_1_3' title="bbox 660 1589 2869 1675">
    <p class='ocr_par' dir='ltr' id='par_1_3' title="bbox 660 1589 2869 1675">
     <span class='ocr_line' id='line_1_12' title="bbox 660 1589 2869 1675; baseline 0 -26"><span class='ocrx_word' id='word_1_79' title='bbox 660 1589 946 1669; x_wconf 89' lang='lat' dir='ltr'><strong>proprio</strong></span> <span class='ocrx_word' id='word_1_80' title='bbox 969 1589 1218 1675; x_wconf 73' lang='lat' dir='ltr'><strong>abitrio</strong></span> <span class='ocrx_word' id='word_1_81' title='bbox 1242 1609 1366 1670; x_wconf 85' lang='lat' dir='ltr'><strong>per</strong></span> <span class='ocrx_word' id='word_1_82' title='bbox 1393 1591 1627 1654; x_wconf 89' lang='lat' dir='ltr'><strong>omnia</strong></span> <span class='ocrx_word' id='word_1_83' title='bbox 1662 1591 1918 1654; x_wconf 92' lang='lat' dir='ltr'><strong>donare</strong></span> <span class='ocrx_word' id='word_1_84' title='bbox 1948 1609 2179 1654; x_wconf 90' lang='lat' dir='ltr'><strong>coram</strong></span> <span class='ocrx_word' id='word_1_85' title='bbox 2209 1589 2578 1671; x_wconf 88' lang='lat' dir='ltr'><strong>praedictis</strong></span> <span class='ocrx_word' id='word_1_86' title='bbox 2624 1596 2761 1651; x_wconf 88' lang='lat' dir='ltr'><strong>tes·</strong></span> <span class='ocrx_word' id='word_1_87' title='bbox 2865 1629 2869 1633; x_wconf 56' lang='lat'>&lt;</span> 
     </span>
    </p>
   </div>
   <div class='ocr_carea' id='block_1_4' title="bbox 650 1687 2765 4276">
    <p class='ocr_par' dir='ltr' id='par_1_4' title="bbox 650 1687 2765 4276">
     <span class='ocr_line' id='line_1_13' title="bbox 667 1687 2759 1772; baseline 0.001 -22"><span class='ocrx_word' id='word_1_88' title='bbox 667 1687 853 1751; x_wconf 88' lang='lat' dir='ltr'><strong>tibus</strong></span> <span class='ocrx_word' id='word_1_89' title='bbox 879 1689 1319 1753; x_wconf 84' lang='lat' dir='ltr'><strong>decreuerat:</strong></span> <span class='ocrx_word' id='word_1_90' title='bbox 1374 1698 1584 1772; x_wconf 87' lang='lat' dir='ltr'><strong>atque</strong></span> <span class='ocrx_word' id='word_1_91' title='bbox 1626 1691 1728 1754; x_wconf 91' lang='lat' dir='ltr'><strong>ita</strong></span> <span class='ocrx_word' id='word_1_92' title='bbox 1773 1690 1902 1755; x_wconf 89' lang='lat' dir='ltr'><strong>hoc</strong></span> <span class='ocrx_word' id='word_1_93' title='bbox 1946 1691 2154 1754; x_wconf 89' lang='lat' dir='ltr'><strong>etiam</strong></span> <span class='ocrx_word' id='word_1_94' title='bbox 2212 1690 2299 1752; x_wconf 89' lang='lat' dir='ltr'><strong>ab</strong></span> <span class='ocrx_word' id='word_1_95' title='bbox 2345 1690 2465 1753; x_wconf 92' lang='lat' dir='ltr'><strong>illo</strong></span> <span class='ocrx_word' id='word_1_96' title='bbox 2516 1696 2759 1752; x_wconf 89' lang='lat' dir='ltr'><strong>sancto</strong></span> 
     </span>
     <span class='ocr_line' id='line_1_14' title="bbox 664 1788 2762 1873; baseline 0 -23"><span class='ocrx_word' id='word_1_97' title='bbox 664 1788 931 1872; x_wconf 90' lang='lat' dir='ltr'><strong>synodo</strong></span> <span class='ocrx_word' id='word_1_98' title='bbox 959 1790 1333 1872; x_wconf 87' lang='lat' dir='ltr'><strong>perpetuae</strong></span> <span class='ocrx_word' id='word_1_99' title='bbox 1356 1791 1727 1873; x_wconf 88' lang='lat' dir='ltr'><strong>perdurare</strong></span> <span class='ocrx_word' id='word_1_100' title='bbox 1754 1790 2218 1855; x_wconf 89' lang='lat' dir='ltr'><strong>deiudicatum</strong></span> <span class='ocrx_word' id='word_1_101' title='bbox 2244 1796 2373 1853; x_wconf 89' lang='lat' dir='ltr'><strong>est.</strong></span> <span class='ocrx_word' id='word_1_102' title='bbox 2466 1788 2762 1870; x_wconf 89' lang='lat' dir='ltr'><strong>Insuper</strong></span> 
     </span>
     <span class='ocr_line' id='line_1_15' title="bbox 662 1889 2760 1973; baseline 0 -22"><span class='ocrx_word' id='word_1_103' title='bbox 662 1889 872 1952; x_wconf 89' lang='lat' dir='ltr'><strong>etiam</strong></span> <span class='ocrx_word' id='word_1_104' title='bbox 906 1897 1150 1954; x_wconf 87' lang='lat' dir='ltr'><strong>sancta</strong></span> <span class='ocrx_word' id='word_1_105' title='bbox 1190 1890 1312 1955; x_wconf 91' lang='lat' dir='ltr'><strong>illa</strong></span> <span class='ocrx_word' id='word_1_106' title='bbox 1355 1890 1659 1973; x_wconf 88' lang='lat' dir='ltr'><strong>synodus</strong></span> <span class='ocrx_word' id='word_1_107' title='bbox 1704 1891 2067 1955; x_wconf 88' lang='lat' dir='ltr'><strong>decreuere</strong></span> <span class='ocrx_word' id='word_1_108' title='bbox 2112 1890 2359 1954; x_wconf 89' lang='lat' dir='ltr'><strong>statuit</strong></span> <span class='ocrx_word' id='word_1_109' title='bbox 2388 1896 2468 1953; x_wconf 93' lang='lat' dir='ltr'><strong>ut</strong></span> <span class='ocrx_word' id='word_1_110' title='bbox 2509 1889 2632 1952; x_wconf 92' lang='lat' dir='ltr'><strong>illa</strong></span> <span class='ocrx_word' id='word_1_111' title='bbox 2659 1889 2760 1952; x_wconf 85' lang='lat' dir='ltr'><strong>al·</strong></span> 
     </span>
     <span class='ocr_line' id='line_1_16' title="bbox 657 1988 2763 2074; baseline 0 -23"><span class='ocrx_word' id='word_1_112' title='bbox 657 1989 956 2052; x_wconf 89' lang='lat' dir='ltr'><strong>-tercatio</strong></span> <span class='ocrx_word' id='word_1_113' title='bbox 999 2009 1349 2071; x_wconf 90' lang='lat' dir='ltr'><strong>nunquam</strong></span> <span class='ocrx_word' id='word_1_114' title='bbox 1403 1990 1699 2073; x_wconf 87' lang='lat' dir='ltr'><strong>amplius</strong></span> <span class='ocrx_word' id='word_1_115' title='bbox 1745 2010 1870 2074; x_wconf 89' lang='lat' dir='ltr'><strong>per</strong></span> <span class='ocrx_word' id='word_1_116' title='bbox 1914 1991 2217 2073; x_wconf 89' lang='lat' dir='ltr'><strong>aliquam</strong></span> <span class='ocrx_word' id='word_1_117' title='bbox 2268 1988 2763 2072; x_wconf 89' lang='lat' dir='ltr'><strong>inquietudinis</strong></span> 
     </span>
     <span class='ocr_line' id='line_1_17' title="bbox 660 2088 2763 2172; baseline 0.001 -22"><span class='ocrx_word' id='word_1_118' title='bbox 660 2088 1079 2153; x_wconf 21' lang='lat' dir='ltr'><strong>*discordiam</strong></span> <span class='ocrx_word' id='word_1_119' title='bbox 1124 2097 1284 2172; x_wconf 90' lang='lat' dir='ltr'><strong>post</strong></span> <span class='ocrx_word' id='word_1_120' title='bbox 1306 2090 1501 2153; x_wconf 91' lang='lat' dir='ltr'><strong>illum</strong></span> <span class='ocrx_word' id='word_1_121' title='bbox 1530 2090 1709 2154; x_wconf 91' lang='lat' dir='ltr'><strong>diem</strong></span> <span class='ocrx_word' id='word_1_122' title='bbox 1741 2098 1814 2154; x_wconf 89' lang='lat' dir='ltr'><strong>et</strong></span> <span class='ocrx_word' id='word_1_123' title='bbox 1837 2091 2161 2172; x_wconf 89' lang='lat' dir='ltr'><strong>deinceps</strong></span> <span class='ocrx_word' id='word_1_124' title='bbox 2203 2089 2572 2153; x_wconf 87' lang='lat' dir='ltr'><strong>excitando</strong></span> <span class='ocrx_word' id='word_1_125' title='bbox 2617 2108 2763 2152; x_wconf 90' lang='lat' dir='ltr'><strong>mo-</strong></span> 
     </span>
     <span class='ocr_line' id='line_1_18' title="bbox 668 2189 2761 2272; baseline 0 -22"><span class='ocrx_word' id='word_1_126' title='bbox 668 2195 969 2266; x_wconf 90' lang='lat' dir='ltr'><strong>ueretur,</strong></span> <span class='ocrx_word' id='word_1_127' title='bbox 999 2196 1070 2253; x_wconf 91' lang='lat' dir='ltr'><strong>et</strong></span> <span class='ocrx_word' id='word_1_128' title='bbox 1100 2189 1229 2252; x_wconf 90' lang='lat' dir='ltr'><strong>hoc</strong></span> <span class='ocrx_word' id='word_1_129' title='bbox 1258 2210 1414 2253; x_wconf 91' lang='lat' dir='ltr'><strong>cum</strong></span> <span class='ocrx_word' id='word_1_130' title='bbox 1454 2191 1656 2271; x_wconf 85' lang='lat' dir='ltr'><strong>signo</strong></span> <span class='ocrx_word' id='word_1_131' title='bbox 1674 2197 1958 2254; x_wconf 90' lang='lat' dir='ltr'><strong>sanctae</strong></span> <span class='ocrx_word' id='word_1_132' title='bbox 1985 2191 2206 2254; x_wconf 87' lang='lat' dir='ltr'><strong>crucis</strong></span> <span class='ocrx_word' id='word_1_133' title='bbox 2231 2189 2491 2254; x_wconf 89' lang='lat' dir='ltr'><strong>Christi</strong></span> <span class='ocrx_word' id='word_1_134' title='bbox 2519 2208 2761 2272; x_wconf 90' lang='lat' dir='ltr'><strong>peren·</strong></span> 
     </span>
     <span class='ocr_line' id='line_1_19' title="bbox 665 2288 2763 2373; baseline 0 -23"><span class='ocrx_word' id='word_1_135' title='bbox 665 2288 846 2351; x_wconf 92' lang='lat' dir='ltr'><strong>niter</strong></span> <span class='ocrx_word' id='word_1_136' title='bbox 892 2290 1261 2371; x_wconf 88' lang='lat' dir='ltr'><strong>perdurare</strong></span> <span class='ocrx_word' id='word_1_137' title='bbox 1304 2290 1883 2372; x_wconf 88' lang='lat' dir='ltr'><strong>conscripserunt.</strong></span> <span class='ocrx_word' id='word_1_138' title='bbox 1989 2291 2082 2355; x_wconf 88' lang='lat' dir='ltr'><strong>Et</strong></span> <span class='ocrx_word' id='word_1_139' title='bbox 2110 2291 2170 2353; x_wconf 91' lang='lat' dir='ltr'><strong>si</strong></span> <span class='ocrx_word' id='word_1_140' title='bbox 2201 2290 2356 2371; x_wconf 90' lang='lat' dir='ltr'><strong>quis</strong></span> <span class='ocrx_word' id='word_1_141' title='bbox 2401 2296 2560 2373; x_wconf 92' lang='lat' dir='ltr'><strong>post</strong></span> <span class='ocrx_word' id='word_1_142' title='bbox 2594 2289 2763 2352; x_wconf 90' lang='lat' dir='ltr'><strong>haec</strong></span> 
     </span>
     <span class='ocr_line' id='line_1_20' title="bbox 659 2388 2763 2472; baseline 0.001 -21"><span class='ocrx_word' id='word_1_143' title='bbox 659 2388 955 2451; x_wconf 86' lang='lat' dir='ltr'><strong>alicuius</strong></span> <span class='ocrx_word' id='word_1_144' title='bbox 998 2388 1310 2471; x_wconf 87' lang='lat' dir='ltr'><strong>personis</strong></span> <span class='ocrx_word' id='word_1_145' title='bbox 1337 2389 1545 2453; x_wconf 93' lang='lat' dir='ltr'><strong>homo</strong></span> <span class='ocrx_word' id='word_1_146' title='bbox 1570 2390 1912 2454; x_wconf 89' lang='lat' dir='ltr'><strong>diabolica</strong></span> <span class='ocrx_word' id='word_1_147' title='bbox 1957 2390 2332 2472; x_wconf 83' lang='lat' dir='ltr'><strong>instigatus</strong></span> <span class='ocrx_word' id='word_1_148' title='bbox 2377 2389 2763 2454; x_wconf 89' lang='lat' dir='ltr'><strong>temeritate</strong></span> 
     </span>
     <span class='ocr_line' id='line_1_21' title="bbox 660 2486 2761 2574; baseline 0.001 -23"><span class='ocrx_word' id='word_1_149' title='bbox 660 2486 1140 2566; x_wconf 80' lang='lat' dir='ltr'><strong>insurrexerit,</strong></span> <span class='ocrx_word' id='word_1_150' title='bbox 1170 2489 1289 2572; x_wconf 90' lang='lat' dir='ltr'><strong>qui</strong></span> <span class='ocrx_word' id='word_1_151' title='bbox 1319 2488 1450 2554; x_wconf 92' lang='lat' dir='ltr'><strong>hoc</strong></span> <span class='ocrx_word' id='word_1_152' title='bbox 1479 2488 1825 2555; x_wconf 90' lang='lat' dir='ltr'><strong>kanonica</strong></span> <span class='ocrx_word' id='word_1_153' title='bbox 1850 2497 1922 2556; x_wconf 89' lang='lat' dir='ltr'><strong>et</strong></span> <span class='ocrx_word' id='word_1_154' title='bbox 1947 2489 2310 2574; x_wconf 87' lang='lat' dir='ltr'><strong>synodalia</strong></span> <span class='ocrx_word' id='word_1_155' title='bbox 2335 2490 2613 2556; x_wconf 87' lang='lat' dir='ltr'><strong>decreta</strong></span> <span class='ocrx_word' id='word_1_156' title='bbox 2655 2487 2761 2554; x_wconf 91' lang='lat' dir='ltr'><strong>in-</strong></span> 
     </span>
     <span class='ocr_line' id='line_1_22' title="bbox 650 2587 2762 2673; baseline 0.001 -23"><span class='ocrx_word' id='word_1_157' title='bbox 650 2587 966 2670; x_wconf 77' lang='lat' dir='ltr'><strong>‘fringere</strong></span> <span class='ocrx_word' id='word_1_158' title='bbox 1003 2591 1470 2673; x_wconf 89' lang='lat' dir='ltr'><strong>temptauerit,</strong></span> <span class='ocrx_word' id='word_1_159' title='bbox 1498 2610 1546 2653; x_wconf 93' lang='lat' dir='ltr'><strong>a</strong></span> <span class='ocrx_word' id='word_1_160' title='bbox 1573 2592 1903 2656; x_wconf 89' lang='lat' dir='ltr'><strong>societate</strong></span> <span class='ocrx_word' id='word_1_161' title='bbox 1933 2598 2330 2656; x_wconf 88' lang='lat' dir='ltr'><strong>sanctorum</strong></span> <span class='ocrx_word' id='word_1_162' title='bbox 2359 2591 2662 2655; x_wconf 90' lang='lat' dir='ltr'><strong>omnium</strong></span> <span class='ocrx_word' id='word_1_163' title='bbox 2692 2597 2762 2654; x_wconf 95' lang='lat' dir='ltr'><strong>et</strong></span> 
     </span>
     <span class='ocr_line' id='line_1_23' title="bbox 662 2690 2763 2776; baseline 0 -25"><span class='ocrx_word' id='word_1_164' title='bbox 662 2706 712 2751; x_wconf 86' lang='lat' dir='ltr'><strong>a</strong></span> <span class='ocrx_word' id='word_1_165' title='bbox 756 2696 960 2753; x_wconf 90' lang='lat' dir='ltr'><strong>coetu</strong></span> <span class='ocrx_word' id='word_1_166' title='bbox 997 2690 1555 2772; x_wconf 82' lang='lat' dir='ltr'><strong>congregationis</strong></span> <span class='ocrx_word' id='word_1_167' title='bbox 1582 2698 1653 2756; x_wconf 92' lang='lat' dir='ltr'><strong>et</strong></span> <span class='ocrx_word' id='word_1_168' title='bbox 1678 2691 2176 2755; x_wconf 89' lang='lat' dir='ltr'><strong>communionis</strong></span> <span class='ocrx_word' id='word_1_169' title='bbox 2219 2692 2525 2776; x_wconf 89' lang='lat' dir='ltr'><strong>ipsorum</strong></span> <span class='ocrx_word' id='word_1_170' title='bbox 2555 2691 2763 2755; x_wconf 88' lang='lat' dir='ltr'><strong>sciret</strong></span> 
     </span>
     <span class='ocr_line' id='line_1_24' title="bbox 664 2790 2760 2874; baseline 0.002 -24"><span class='ocrx_word' id='word_1_171' title='bbox 664 2806 743 2851; x_wconf 90' lang='lat' dir='ltr'><strong>se</strong></span> <span class='ocrx_word' id='word_1_172' title='bbox 791 2808 948 2853; x_wconf 88' lang='lat' dir='ltr'><strong>esse</strong></span> <span class='ocrx_word' id='word_1_173' title='bbox 990 2791 1391 2868; x_wconf 90' lang='lat' dir='ltr'><strong>alienatum,</strong></span> <span class='ocrx_word' id='word_1_174' title='bbox 1435 2791 1754 2874; x_wconf 87' lang='lat' dir='ltr'><strong>synodali</strong></span> <span class='ocrx_word' id='word_1_175' title='bbox 1807 2792 2061 2856; x_wconf 92' lang='lat' dir='ltr'><strong>iudicio</strong></span> <span class='ocrx_word' id='word_1_176' title='bbox 2105 2797 2522 2856; x_wconf 89' lang='lat' dir='ltr'><strong>statuerunt.</strong></span> <span class='ocrx_word' id='word_1_177' title='bbox 2626 2790 2760 2854; x_wconf 92' lang='lat' dir='ltr'><strong>Sed</strong></span> 
     </span>
     <span class='ocr_line' id='line_1_25' title="bbox 666 2887 2765 2974; baseline 0.001 -23"><span class='ocrx_word' id='word_1_178' title='bbox 666 2887 802 2951; x_wconf 88' lang='lat' dir='ltr'><strong>heu</strong></span> <span class='ocrx_word' id='word_1_179' title='bbox 831 2910 956 2971; x_wconf 94' lang='lat' dir='ltr'><strong>pro</strong></span> <span class='ocrx_word' id='word_1_180' title='bbox 982 2890 1180 2954; x_wconf 93' lang='lat' dir='ltr'><strong>dolor</strong></span> <span class='ocrx_word' id='word_1_181' title='bbox 1202 2891 1319 2955; x_wconf 89' lang='lat' dir='ltr'><strong>ille</strong></span> <span class='ocrx_word' id='word_1_182' title='bbox 1352 2892 1678 2973; x_wconf 87' lang='lat' dir='ltr'><strong>antiquus</strong></span> <span class='ocrx_word' id='word_1_183' title='bbox 1715 2887 2290 2956; x_wconf 84' lang='lat' dir='ltr'><strong>uenenatissimus</strong></span> <span class='ocrx_word' id='word_1_184' title='bbox 2335 2908 2619 2974; x_wconf 90' lang='lat' dir='ltr'><strong>serpens</strong></span> <span class='ocrx_word' id='word_1_185' title='bbox 2646 2890 2765 2972; x_wconf 84' lang='lat' dir='ltr'><strong>qui</strong></span> 
     </span>
     <span class='ocr_line' id='line_1_26' title="bbox 664 2990 2763 3074; baseline 0 -22"><span class='ocrx_word' id='word_1_186' title='bbox 664 2991 1155 3073; x_wconf 76' lang='lat' dir='ltr'><strong>protuplaustu</strong></span> <span class='ocrx_word' id='word_1_187' title='bbox 1178 2991 1452 3074; x_wconf 88' lang='lat' dir='ltr'><strong>piacula</strong></span> <span class='ocrx_word' id='word_1_188' title='bbox 1470 2992 1719 3055; x_wconf 89' lang='lat' dir='ltr'><strong>indidit</strong></span> <span class='ocrx_word' id='word_1_189' title='bbox 1737 2999 1808 3055; x_wconf 91' lang='lat' dir='ltr'><strong>et</strong></span> <span class='ocrx_word' id='word_1_190' title='bbox 1825 2991 2201 3056; x_wconf 90' lang='lat' dir='ltr'><strong>humanum</strong></span> <span class='ocrx_word' id='word_1_191' title='bbox 2232 3011 2451 3074; x_wconf 85' lang='lat' dir='ltr'><strong>genus</strong></span> <span class='ocrx_word' id='word_1_192' title='bbox 2478 2990 2609 3054; x_wconf 87' lang='lat' dir='ltr'><strong>sibi</strong></span> <span class='ocrx_word' id='word_1_193' title='bbox 2639 3011 2763 3072; x_wconf 93' lang='lat' dir='ltr'><strong>per</strong></span> 
     </span>
     <span class='ocr_line' id='line_1_27' title="bbox 666 3089 2758 3175; baseline -0 -22"><span class='ocrx_word' id='word_1_194' title='bbox 666 3089 836 3154; x_wconf 89' lang='lat' dir='ltr'><strong>haec</strong></span> <span class='ocrx_word' id='word_1_195' title='bbox 864 3091 1192 3167; x_wconf 90' lang='lat' dir='ltr'><strong>subdidit,</strong></span> <span class='ocrx_word' id='word_1_196' title='bbox 1223 3111 1349 3154; x_wconf 90' lang='lat' dir='ltr'><strong>ceu</strong></span> <span class='ocrx_word' id='word_1_197' title='bbox 1379 3091 1705 3174; x_wconf 90' lang='lat' dir='ltr'><strong>caelydra</strong></span> <span class='ocrx_word' id='word_1_198' title='bbox 1729 3091 1984 3156; x_wconf 88' lang='lat' dir='ltr'><strong>infesta</strong></span> <span class='ocrx_word' id='word_1_199' title='bbox 2011 3099 2082 3156; x_wconf 85' lang='lat' dir='ltr'><strong>et</strong></span> <span class='ocrx_word' id='word_1_200' title='bbox 2111 3092 2462 3175; x_wconf 87' lang='lat' dir='ltr'><strong>pestifera,</strong></span> <span class='ocrx_word' id='word_1_201' title='bbox 2484 3092 2556 3154; x_wconf 90' lang='lat' dir='ltr'><strong>in</strong></span> <span class='ocrx_word' id='word_1_202' title='bbox 2588 3108 2758 3174; x_wconf 79' lang='lat' dir='ltr'><strong>quq-</strong></span> 
     </span>
     <span class='ocr_line' id='line_1_28' title="bbox 665 3190 2760 3273; baseline 0.001 -22"><span class='ocrx_word' id='word_1_203' title='bbox 665 3190 955 3253; x_wconf 90' lang='lat' dir='ltr'><strong>rundam</strong></span> <span class='ocrx_word' id='word_1_204' title='bbox 985 3197 1263 3273; x_wconf 88' lang='lat' dir='ltr'><strong>pectore</strong></span> <span class='ocrx_word' id='word_1_205' title='bbox 1307 3190 1532 3254; x_wconf 90' lang='lat' dir='ltr'><strong>adhuc</strong></span> <span class='ocrx_word' id='word_1_206' title='bbox 1561 3192 1899 3273; x_wconf 84' lang='lat' dir='ltr'><strong>turgescit</strong></span> <span class='ocrx_word' id='word_1_207' title='bbox 1947 3199 2018 3255; x_wconf 91' lang='lat' dir='ltr'><strong>et</strong></span> <span class='ocrx_word' id='word_1_208' title='bbox 2057 3192 2144 3255; x_wconf 96' lang='lat' dir='ltr'><strong>ad</strong></span> <span class='ocrx_word' id='word_1_209' title='bbox 2195 3191 2601 3257; x_wconf 88' lang='lat' dir='ltr'><strong>excitandas</strong></span> <span class='ocrx_word' id='word_1_210' title='bbox 2651 3203 2760 3254; x_wconf 56' lang='lat' dir='ltr'><strong>se*</strong></span> 
     </span>
     <span class='ocr_line' id='line_1_29' title="bbox 665 3288 2763 3375; baseline 0.001 -23"><span class='ocrx_word' id='word_1_211' title='bbox 665 3288 965 3353; x_wconf 89' lang='lat' dir='ltr'><strong>ditiones</strong></span> <span class='ocrx_word' id='word_1_212' title='bbox 1030 3290 1543 3373; x_wconf 88' lang='lat' dir='ltr'><strong>discordiasque</strong></span> <span class='ocrx_word' id='word_1_213' title='bbox 1616 3292 2140 3357; x_wconf 86' lang='lat' dir='ltr'><strong>committendas</strong></span> <span class='ocrx_word' id='word_1_214' title='bbox 2204 3299 2364 3375; x_wconf 92' lang='lat' dir='ltr'><strong>post</strong></span> <span class='ocrx_word' id='word_1_215' title='bbox 2420 3292 2763 3355; x_wconf 88' lang='lat' dir='ltr'><strong>curricula</strong></span> 
     </span>
     <span class='ocr_line' id='line_1_30' title="bbox 665 3391 2758 3471; baseline 0.001 -20"><span class='ocrx_word' id='word_1_216' title='bbox 665 3396 1082 3471; x_wconf 88' lang='lat' dir='ltr'><strong>quantorum</strong></span> <span class='ocrx_word' id='word_1_217' title='bbox 1110 3409 1471 3468; x_wconf 86' lang='lat' dir='ltr'><strong>annorum,</strong></span> <span class='ocrx_word' id='word_1_218' title='bbox 1493 3391 1565 3454; x_wconf 92' lang='lat' dir='ltr'><strong>id</strong></span> <span class='ocrx_word' id='word_1_219' title='bbox 1598 3399 1704 3455; x_wconf 89' lang='lat' dir='ltr'><strong>est</strong></span> <span class='ocrx_word' id='word_1_220' title='bbox 1733 3408 2047 3469; x_wconf 85' lang='lat' dir='ltr'><strong>xxxnn,</strong></span> <span class='ocrx_word' id='word_1_221' title='bbox 2082 3393 2330 3457; x_wconf 91' lang='lat' dir='ltr'><strong>iterum</strong></span> <span class='ocrx_word' id='word_1_222' title='bbox 2358 3392 2758 3456; x_wconf 88' lang='lat' dir='ltr'><strong>aecclesiam</strong></span> 
     </span>
     <span class='ocr_line' id='line_1_31' title="bbox 669 3488 2760 3575; baseline 0.001 -22"><span class='ocrx_word' id='word_1_223' title='bbox 669 3488 929 3553; x_wconf 89' lang='lat' dir='ltr'><strong>Christi</strong></span> <span class='ocrx_word' id='word_1_224' title='bbox 973 3496 1045 3553; x_wconf 89' lang='lat' dir='ltr'><strong>et</strong></span> <span class='ocrx_word' id='word_1_225' title='bbox 1090 3489 1583 3556; x_wconf 88' lang='lat' dir='ltr'><strong>haereditatem</strong></span> <span class='ocrx_word' id='word_1_226' title='bbox 1618 3499 2015 3557; x_wconf 88' lang='lat' dir='ltr'><strong>sanctorum</strong></span> <span class='ocrx_word' id='word_1_227' title='bbox 2062 3491 2209 3556; x_wconf 91' lang='lat' dir='ltr'><strong>eius</strong></span> <span class='ocrx_word' id='word_1_228' title='bbox 2253 3492 2633 3575; x_wconf 85' lang='lat' dir='ltr'><strong>adgrauere</strong></span> <span class='ocrx_word' id='word_1_229' title='bbox 2677 3510 2760 3555; x_wconf 92' lang='lat' dir='ltr'><strong>ac</strong></span> 
     </span>
     <span class='ocr_line' id='line_1_32' title="bbox 665 3589 2758 3674; baseline 0.002 -23"><span class='ocrx_word' id='word_1_230' title='bbox 665 3589 1041 3671; x_wconf 90' lang='lat' dir='ltr'><strong>deprauere</strong></span> <span class='ocrx_word' id='word_1_231' title='bbox 1070 3590 1283 3673; x_wconf 90' lang='lat' dir='ltr'><strong>impia</strong></span> <span class='ocrx_word' id='word_1_232' title='bbox 1312 3591 1466 3656; x_wconf 90' lang='lat' dir='ltr'><strong>nisu</strong></span> <span class='ocrx_word' id='word_1_233' title='bbox 1512 3611 1593 3655; x_wconf 89' lang='lat' dir='ltr'><strong>ac</strong></span> <span class='ocrx_word' id='word_1_234' title='bbox 1637 3612 1857 3674; x_wconf 90' lang='lat' dir='ltr'><strong>praua</strong></span> <span class='ocrx_word' id='word_1_235' title='bbox 1901 3592 2262 3657; x_wconf 88' lang='lat' dir='ltr'><strong>uoluntate</strong></span> <span class='ocrx_word' id='word_1_236' title='bbox 2306 3599 2596 3656; x_wconf 89' lang='lat' dir='ltr'><strong>conatus</strong></span> <span class='ocrx_word' id='word_1_237' title='bbox 2628 3599 2758 3667; x_wconf 87' lang='lat' dir='ltr'><strong>est,</strong></span> 
     </span>
     <span class='ocr_line' id='line_1_33' title="bbox 662 3689 2759 3773; baseline 0.001 -22"><span class='ocrx_word' id='word_1_238' title='bbox 662 3696 875 3770; x_wconf 88' lang='lat' dir='ltr'><strong>atque</strong></span> <span class='ocrx_word' id='word_1_239' title='bbox 914 3689 1105 3753; x_wconf 91' lang='lat' dir='ltr'><strong>illam</strong></span> <span class='ocrx_word' id='word_1_240' title='bbox 1142 3691 1571 3773; x_wconf 89' lang='lat' dir='ltr'><strong>praedictum</strong></span> <span class='ocrx_word' id='word_1_241' title='bbox 1605 3691 2078 3756; x_wconf 86' lang='lat' dir='ltr'><strong>altercationis</strong></span> <span class='ocrx_word' id='word_1_242' title='bbox 2118 3692 2514 3756; x_wconf 90' lang='lat' dir='ltr'><strong>conflictum</strong></span> <span class='ocrx_word' id='word_1_243' title='bbox 2559 3711 2759 3754; x_wconf 90' lang='lat' dir='ltr'><strong>reno-</strong></span> 
     </span>
     <span class='ocr_line' id='line_1_34' title="bbox 662 3789 2759 3875; baseline 0.001 -25"><span class='ocrx_word' id='word_1_244' title='bbox 662 3807 829 3851; x_wconf 90' lang='lat' dir='ltr'><strong>uare</strong></span> <span class='ocrx_word' id='word_1_245' title='bbox 847 3796 918 3852; x_wconf 92' lang='lat' dir='ltr'><strong>et</strong></span> <span class='ocrx_word' id='word_1_246' title='bbox 941 3789 1270 3868; x_wconf 83' lang='lat' dir='ltr'><strong>excitare,</strong></span> <span class='ocrx_word' id='word_1_247' title='bbox 1299 3799 1459 3873; x_wconf 90' lang='lat' dir='ltr'><strong>post</strong></span> <span class='ocrx_word' id='word_1_248' title='bbox 1488 3791 1853 3875; x_wconf 88' lang='lat' dir='ltr'><strong>synodalia</strong></span> <span class='ocrx_word' id='word_1_249' title='bbox 1881 3793 2158 3856; x_wconf 88' lang='lat' dir='ltr'><strong>decreta</strong></span> <span class='ocrx_word' id='word_1_250' title='bbox 2189 3811 2271 3856; x_wconf 88' lang='lat' dir='ltr'><strong>ac</strong></span> <span class='ocrx_word' id='word_1_251' title='bbox 2302 3790 2759 3874; x_wconf 89' lang='lat' dir='ltr'><strong>probabilium</strong></span> 
     </span>
     <span class='ocr_line' id='line_1_35' title="bbox 660 3891 2759 3974; baseline 0.002 -23"><span class='ocrx_word' id='word_1_252' title='bbox 660 3896 938 3971; x_wconf 85' lang='lat' dir='ltr'><strong>patrum</strong></span> <span class='ocrx_word' id='word_1_253' title='bbox 977 3891 1389 3969; x_wconf 88' lang='lat' dir='ltr'><strong>sanctiones,</strong></span> <span class='ocrx_word' id='word_1_254' title='bbox 1435 3891 1724 3956; x_wconf 88' lang='lat' dir='ltr'><strong>studuit.</strong></span> <span class='ocrx_word' id='word_1_255' title='bbox 1829 3892 2294 3972; x_wconf 85' lang='lat' dir='ltr'><strong>Quamobrem</strong></span> <span class='ocrx_word' id='word_1_256' title='bbox 2333 3898 2759 3974; x_wconf 84' lang='lat' dir='ltr'><strong>congregata</strong></span> 
     </span>
     <span class='ocr_line' id='line_1_36' title="bbox 660 3989 2757 4075; baseline 0 -23"><span class='ocrx_word' id='word_1_257' title='bbox 660 3989 1098 4054; x_wconf 84' lang='lat' dir='ltr'><strong>multitudine</strong></span> <span class='ocrx_word' id='word_1_258' title='bbox 1164 3992 1578 4073; x_wconf 87' lang='lat' dir='ltr'><strong>spiritalium</strong></span> <span class='ocrx_word' id='word_1_259' title='bbox 1631 3993 2224 4074; x_wconf 89' lang='lat' dir='ltr'><strong>saeculariumque</strong></span> <span class='ocrx_word' id='word_1_260' title='bbox 2272 4010 2642 4075; x_wconf 83' lang='lat' dir='ltr'><strong>personum</strong></span> <span class='ocrx_word' id='word_1_261' title='bbox 2686 3992 2757 4054; x_wconf 90' lang='lat' dir='ltr'><strong>in</strong></span> 
     </span>
     <span class='ocr_line' id='line_1_37' title="bbox 657 4089 2755 4169; baseline 0.001 -18"><span class='ocrx_word' id='word_1_262' title='bbox 657 4089 1096 4153; x_wconf 90' lang='lat' dir='ltr'><strong>Dorouernia</strong></span> <span class='ocrx_word' id='word_1_263' title='bbox 1166 4091 1472 4169; x_wconf 87' lang='lat' dir='ltr'><strong>ciuitate,</strong></span> <span class='ocrx_word' id='word_1_264' title='bbox 1547 4112 1730 4155; x_wconf 92' lang='lat' dir='ltr'><strong>anno</strong></span> <span class='ocrx_word' id='word_1_265' title='bbox 1812 4093 2193 4157; x_wconf 87' lang='lat' dir='ltr'><strong>dominicae</strong></span> <span class='ocrx_word' id='word_1_266' title='bbox 2263 4091 2755 4155; x_wconf 90' lang='lat' dir='ltr'><strong>incarnationis</strong></span> 
     </span>
     <span class='ocr_line' id='line_1_38' title="bbox 656 4183 2756 4276; baseline 0 -24"><span class='ocrx_word' id='word_1_267' title='bbox 656 4206 1106 4254; x_wconf 55' lang='lat' dir='ltr'><strong>occeanum.</strong></span> <span class='ocrx_word' id='word_1_268' title='bbox 1155 4191 1393 4263; x_wconf 84' lang='lat' dir='ltr'><strong>indict.</strong></span> <span class='ocrx_word' id='word_1_269' title='bbox 1443 4191 1890 4257; x_wconf 81' lang='lat' dir='ltr'><strong>Aetheluulfo</strong></span> <span class='ocrx_word' id='word_1_270' title='bbox 1941 4193 2088 4275; x_wconf 84' lang='lat' dir='ltr'><strong>regi</strong></span> <span class='ocrx_word' id='word_1_271' title='bbox 2135 4183 2497 4276; x_wconf 84' lang='lat' dir='ltr'><strong>praesente</strong></span> <span class='ocrx_word' id='word_1_272' title='bbox 2548 4199 2756 4274; x_wconf 82' lang='lat' dir='ltr'><strong>atque</strong></span> 
     </span>
    </p>
   </div>
  </div>
 </body>
</html>
