3044 5019
804 374 1147 421 cHARTAE
1193 369 1878 422 AnonosAxochn.
2300 358 2389 420 49

272 542 536 599 matum
565 555 691 621 seu
721 558 776 623 p
808 537 1202 620 expiatione
1245 536 1671 622 piaculorum
1711 557 2016 603 meorum
2063 543 2133 600 et
2179 537 2382 600 abso-

269 634 538 699 lutione
586 626 951 700 criminum
987 658 1294 702 meorum
1324 638 1504 702 dabo
1544 647 1616 703 et
1663 638 1962 703 concedo
2006 657 2159 700 meo
2201 637 2384 700 fideli

272 735 591 799 ministro
623 736 942 801 ealdhere
980 760 1033 825 p
1060 739 1208 802 eius
1252 738 1494 802 humili
1520 740 1956 803 oboedientia
1985 745 2054 801 et
2081 729 2189 818 q¹a
2218 737 2383 800 mihi

269 835 344 898 in
389 837 710 900 omnibus
753 839 956 901 rebus
1004 858 1272 922 semper
1301 839 1524 903 fidelis
1574 839 1884 903 minister
1923 838 2157 902 extitit
2200 837 2380 901 dono

271 935 383 999 hei
438 937 745 1019 aliquam
795 945 1062 1020 partem
1110 946 1292 1002 terre
1337 939 1506 1003 iuris
1566 940 1699 1002 mei
1760 939 1830 1002 in
1886 938 2172 1025 puincia
2217 957 2379 1000 can-

270 1037 585 1101 tuariorii
624 1037 754 1100 hoc
783 1052 817 1097 -ε-
844 1058 1058 1101 unum
1087 1045 1393 1103 aratrum
1438 1039 1557 1102 ubi
1588 1038 1867 1103 ulaham
1912 1030 2221 1102 nominat
2247 1037 2381 1100 siui

270 1137 621 1201 auendum
661 1144 732 1200 et
775 1138 1197 1218 possidendii
1225 1138 1584 1221 feliciterq:
1622 1140 1695 1201 in
1726 1138 1873 1201 dies
1918 1138 2065 1201 eius
2110 1136 2376 1219 perfru-

267 1236 526 1299 endum
573 1243 643 1299 et
686 1243 846 1319 post
891 1238 1036 1301 dies
1082 1238 1230 1301 eius
1277 1239 1615 1321 cuicumq:
1654 1238 1765 1302 hei
1810 1236 1996 1301 eredi
2042 1236 2381 1318 placuerit

266 1335 882 1419 derelinquendum
933 1337 1217 1411 liberam
1264 1358 1388 1420 per
1436 1339 1671 1402 omnia
1714 1339 1919 1401 abeat
1961 1343 2376 1419 potestatem

267 1454 428 1499 cum
486 1436 751 1518 campis
807 1437 1001 1500 siluis
1058 1439 1277 1520 pratis
1329 1437 1607 1521 pascuis
1683 1438 1881 1521 aquis
1949 1436 2373 1501 uenationib:

268 1543 338 1599 et
408 1555 570 1599 cum
645 1535 900 1600 omnib:
971 1537 1386 1609 utilitatibus
1464 1538 1597 1602 rite
1654 1544 1725 1601 et
1800 1545 1984 1601 recte
2055 1536 2143 1600 ad
2211 1556 2374 1599 ean-

265 1634 427 1699 dem
473 1642 731 1699 terram
789 1637 1228 1717 pertinentib:
1292 1637 1470 1701 hanc
1525 1636 1573 1700 k
1626 1645 1879 1701 terram
1940 1637 2376 1719 supranomi-

247 1742 511 1819 ‘natam
555 1742 628 1798 et
662 1735 939 1799 ulaham
973 1783 986 1797 .
1019 1757 1148 1818 ego
1195 1735 1517 1802 eoelwulf
1538 1757 1663 1800 rex
1691 1738 1778 1801 ab
1809 1736 1994 1801 omni
2042 1735 2375 1800 seruitute

266 1835 489 1916 regali
524 1834 753 1917 operis
798 1836 985 1899 intus
1029 1844 1099 1901 et
1128 1837 1294 1900 foris
1314 1872 1319 1875 -
1339 1838 1609 1919 magnis
1639 1857 1719 1901 ac
1750 1836 2033 1900 modicis
2082 1836 2259 1899 notis
2306 1843 2376 1899 et

263 1934 529 2031 ignotis
560 1935 938 2018 perennitir
961 1936 1269 2003 liberauo
1314 1937 1448 2000 nisi
1493 1936 1601 1999 his
1646 1943 1916 2000 tantum
1957 1935 2114 2001 trib:
2145 1936 2374 1998 causis

264 2033 455 2099 hoc÷
485 2021 927 2118 expeditione
952 2043 1022 2099 et
1049 2036 1226 2101 arcis
1257 2035 1638 2100 munitione
1682 2036 1982 2119 pontisq.
2018 2042 2374 2099 construc-

267 2135 459 2199 tione
499 2134 627 2198 hec
671 2141 856 2199 terra
898 2137 1368 2219 suprascripta
1406 2146 1476 2201 et
1521 2136 1801 2200 ulaham
1844 2135 1952 2200 his
1996 2135 2373 2200 notissimis

264 2232 616 2299 terminib:
669 2235 906 2317 undiq.
953 2204 1437 2302 circumcincta
1475 2243 1581 2300 est
1626 2237 1713 2300 ab
1753 2236 2108 2300 occidente
2159 2234 2374 2300 hodo·
2461 2264 2465 2269 ·

264 2333 502 2400 ποι-δα
544 2335 634 2398 ab
665 2327 930 2417 aqflone
961 2335 1430 2401 winterburna
1465 2337 1554 2400 ab
1586 2337 1850 2400 oriente
1892 2342 2096 2419 prata
2137 2333 2259 2396 illa
2299 2342 2373 2397 to

267 2434 556 2517 liminge
617 2456 661 2500 a
714 2435 983 2500 meritie
1043 2437 1405 2519 bromteag
1503 2436 1615 2499 hsi
1678 2434 1832 2519 quis
1891 2455 2058 2500 uero
2117 2433 2374 2497 heredfl

264 2538 743 2618 successorfiq:
801 2533 1034 2600 meorfi
1096 2537 1273 2602 hanc
1324 2557 1545 2601 meam
1608 2536 2048 2601 donationem
2092 2533 2124 2597 1
2166 2534 2372 2598 liuer-

265 2643 485 2707 tatem
562 2654 840 2700 seruare
904 2636 1203 2701 uoluerit
1266 2631 1496 2701 seruet
1568 2633 1631 2699 ei
1700 2633 1915 2722 desup
1988 2634 2374 2699 benedictio

263 2736 688 2818 sempiterno
737 2735 843 2798 hsi
887 2733 935 2798 k
982 2732 1232 2818 aliquis
1276 2756 1333 2819 q3
1372 2737 1555 2800 absit
1602 2736 1941 2800 diabolica
1986 2735 2373 2798 temeritate

262 2835 644 2916 instigatus
692 2836 1072 2899 surrexerit
1113 2827 1177 2919 qi
1223 2837 1402 2900 hanc
1460 2837 1848 2899 liuertatem
1895 2834 1926 2896 1
1971 2833 2373 2897 munificen-

261 2936 436 3000 tiam
464 2935 841 3017 infringere
868 2934 900 2998 Ῐ
927 2936 1232 3000 minuere
1262 2945 1385 3001 aut
1424 2937 1495 2999 in
1534 2935 1707 2998 aliut
1734 2935 2134 2998 conbertere
2164 2952 2371 3014 quam

264 3055 309 3099 a
356 3036 558 3099 nobis
607 3035 1059 3100 constitutum
1107 3044 1215 3100 est
1259 3034 1706 3119 temptauerit
1741 3083 1757 3099 .
1800 3034 1976 3098 sciat
2024 3052 2098 3095 se
2142 3051 2373 3096 coram

264 3131 407 3221 xpo
436 3135 659 3199 iudice
704 3143 776 3199 et
813 3136 1050 3199 celesti
1095 3139 1401 3202 exercitu
1428 3135 1698 3199 ratione
1743 3134 2168 3198 redditurum
2223 3152 2373 3197 esse

266 3235 405 3298 nisi
453 3236 645 3318 prius
692 3234 902 3316 digna
946 3237 1118 3301 satis
1164 3256 1231 3318 q:
1265 3236 1593 3320 placauili
1642 3234 1939 3299 factione
1994 3232 2083 3297 do
2134 3241 2204 3297 et
2249 3234 2372 3297 ho-

268 3335 504 3399 minib:
534 3335 898 3399 emendare
927 3335 1226 3399 uoluerit

373 3434 684 3499 Hactum
712 3443 820 3499 est
843 3432 891 3497 k
920 3455 1102 3499 anno
1131 3434 1470 3500 dominice
1500 3432 2024 3497 incarnationis,
2044 3451 2372 3497 occano.

267 3535 411 3600 ind.
459 3552 507 3598 1.
556 3535 662 3598 his
712 3536 938 3599 testib:
998 3534 1582 3599 consentientibus
1625 3540 1695 3596 et
1741 3534 1941 3614 signo
1987 3533 2103 3596 s‘ce
2152 3534 2373 3596 crucis

267 3631 387 3720 xpi
432 3634 934 3699 confirmantib:
968 3638 1190 3717 quoru
1214 3635 1324 3698 hic
1351 3634 1633 3697 nomina
1675 3631 1857 3695 infra
1886 3650 1965 3694 ac
1994 3631 2064 3694 in
2095 3633 2374 3698 scedula

272 3733 617 3798 karaxata
644 3727 895 3799 notant*

383 3835 461 3916 ›1‹
493 3853 622 3916 ego
697 3831 1020 3897 ebelwulf
1083 3853 1210 3896 rex
1271 3833 1450 3896 hanc
1504 3852 1729 3895 meam
1790 3830 2231 3896 donationem
2290 3833 2376 3892 οῦ

268 3925 472 4014 signo
499 3934 614 3998 sce
643 3934 866 3998 crucis
895 3930 1017 4019 xpi
1045 3933 1168 3996 rob
1196 3954 1241 4022 7
1268 3934 1472 3996 subsc

386 4034 464 4115 ›1‹
502 4054 631 4116 ego
693 4030 1046 4098 cialnobus
1105 4032 1333 4115 gratia
1401 4030 1513 4095 dei
1570 4030 1857 4113 arciepfs'
1920 4029 2099 4093 hanc
2162 4027 2375 4089 dona-

274 4133 525 4197 tionem
553 4133 876 4198 consensi
899 4156 943 4224 7
974 4132 1139 4195 su'6s

376 4250 543 4299 ΤοΜ.
583 4252 660 4297 11.
1165 4267 1177 4280 2
2040 4238 2080 4281 E
