3044 5019
866 457 1208 510 CHAR'PAE
1253 456 1926 511 ANcLosAxochss.
2320 449 2466 512 213-

343 618 630 682 firmaui.
746 621 824 701 ›1‹
856 619 1008 700 Ego
1060 618 1463 682 AEsselredus
1514 618 2016 683 Londoniensis
2069 622 2256 685 urbis
2303 624 2446 705 epi-

339 738 588 802 scopus
661 721 980 783 consensi
1041 726 1111 783 et
1167 714 1558 802 subscripsi.
1697 721 1775 801 ›1‹
1813 719 1965 801 Ego
2034 719 2447 787 Cenwaldus

340 820 703 902 episcopus
762 819 1081 883 consensi
1131 829 1201 883 et
1263 819 1663 901 subscripsi.
1775 821 1853 901 ›1‹
1888 820 2039 901 Ego
2092 822 2446 886 AElfredus

338 921 704 1002 episcopus
772 921 1090 983 consensi
1148 928 1219 984 et
1284 919 1683 1001 subscripsi.
1819 915 1897 1001 ›1‹
1932 920 2083 1001 Ego
2135 920 2446 1005 Cayman

337 1021 704 1102 episcopus
759 1021 1076 1084 consensi
1128 1027 1198 1083 et
1249 1017 1647 1103 subscripsi.
1763 1021 1841 1101 ›1‹
1876 1019 2027 1100 Ego
2088 1020 2446 1104 ngynus

336 1121 704 1203 episcopus
751 1121 1070 1184 consensi
1110 1129 1179 1183 et
1218 1120 1617 1201 subscripsi.
1730 1119 1808 1199 ›1‹
1845 1119 1997 1201 Ego
2030 1119 2449 1203 Radulphus

336 1222 703 1303 episcopus
747 1221 1065 1284 consensi
1106 1228 1178 1284 et
1214 1220 1613 1302 subscripsi.
1725 1222 1803 1302 ›1‹
1834 1220 1986 1301 Ego
2032 1219 2447 1285 Brinstanus

334 1322 700 1402 episcopus
755 1322 1070 1384 consensi
1114 1328 1185 1383 et
1231 1321 1623 1402 subscripsi.
1742 1321 1820 1401 ›1‹
1854 1319 2007 1400 Ego
2065 1320 2258 1383 AElla
2301 1323 2445 1404 epi-

334 1439 589 1502 scopus
622 1422 940 1484 consensi
976 1428 1043 1484 et
1072 1420 1468 1502 subscripsi.
1583 1414 1661 1500 *¹⁴
1694 1419 1845 1502 Ego
1889 1419 2225 1484 Osferdus
2256 1424 2447 1503 prin-

334 1539 496 1603 ceps
531 1523 850 1586 consensi
881 1528 951 1585 et
977 1521 1373 1601 subscripsi.
1461 1520 1540 1600 ›1‹
1571 1519 1723 1600 Ego
1755 1520 2096 1584 AElfledus
2132 1522 2451 1586 minister

335 1621 599 1685 domini
646 1623 828 1702 regis
885 1621 1203 1684 consensi
1254 1629 1324 1684 et
1382 1621 1778 1702 subscripsi.
1893 1622 1971 1702 ›1‹
2006 1621 2159 1703 Ego
2210 1621 2445 1686 AEbel-

333 1721 632 1784 mundus
670 1722 978 1784 minister
1021 1721 1340 1783 consensi
1374 1727 1445 1783 et
1490 1720 1887 1802 subscripsi.
2003 1722 2081 1802 ›1‹
2114 1721 2295 1785 Acta
2338 1731 2449 1787 est

336 1822 507 1886 haec
564 1829 804 1885 nostra
854 1821 1135 1884 donatio
1185 1828 1256 1884 et
1313 1821 1663 1884 concessio
1727 1839 1808 1882 ac
1850 1822 2234 1901 praesentis
2285 1842 2445 1886 nos-1

337 1928 486 1985 trae
537 1928 773 1984 cartae
819 1921 1250 1984 confirmatio
1298 1939 1481 1984 anno
1535 1921 1622 1982 ab
1661 1920 2136 1983 incarnatione
2186 1921 2445 1985 domini

337 2037 728 2083 Dcccxmn.
756 2022 844 2083 in.
868 2020 1038 2084 uilla
1062 2021 1280 2101 regali
1309 2040 1486 2103 quae
1515 2019 1769 2084 dicitur
1796 2021 2304 2100 Dorcacestria,
2335 2041 2447 2086 se-

334 2122 564 2184 cunda
597 2120 706 2186 die
738 2120 1037 2206 paschae
1067 2116 1341 2185 domini.
2256 2125 2259 2129 ⁴

1113 2412 1671 2485 CCCLXXVI.

935 2543 1632 2646 AETHELSTRN,
1670 2570 1824 2634 939.

445 2722 523 2802 ›1‹
561 2719 971 2785 REGNANTE
1000 2721 1161 2784 theo
1190 2721 1263 2783 in
1295 2739 1475 2784 eona
1500 2716 1658 2783 eoni
1685 2722 1699 2784 !
1795 2717 2160 2782 Neminem
2189 2720 2443 2801 quippe

328 2823 399 2885 in
429 2821 707 2885 mortali
734 2821 908 2897 solo,
942 2821 1256 2902 quamuis
1285 2820 1682 2883 uniuersam
1718 2820 1933 2882 cosmi
1967 2819 2211 2882 seriem
2250 2819 2443 2900 quis-2

330 2942 463 3004 que
516 2921 779 2985 sollerti
835 2922 1083 2984 mentis
1122 2919 1436 2984 acumine
1478 2921 1873 3002 perlustret,
1926 2916 2281 2998 expertem
2334 2938 2441 2980 re·-

333 3023 554 3105 periet
601 3021 873 3084 debitae
927 3021 1165 3084 mortis
1222 3021 1562 3098 extitisse,
1605 3019 1932 3104 illamque
1976 3019 2200 3080 iustae
2245 3035 2443 3080 seue-

334 3123 563 3186 ritatis
606 3122 1017 3185 sententiam
1062 3120 1476 3202 protoplasti
1524 3117 2137 3202 praeuaricationis
2184 3137 2442 3180 noxam

335 3223 637 3287 delatam
671 3222 999 3299 euasisse,
1028 3224 1107 3283 ut
1134 3220 1408 3298 dicitur,
1465 3221 1558 3284 Et
1601 3221 1673 3282 in
1719 3227 1974 3282 terram
2019 3218 2177 3295 ibis,
2207 3219 2440 3300 puluis

335 3343 407 3386 es
442 3331 513 3386 et
551 3322 624 3384 in
669 3322 1024 3403 puluerem
1060 3321 1448 3384 reuerteris.
1555 3319 1999 3402 Quapropter
2033 3338 2164 3399 ego
2212 3318 2440 3403 AEpel-

335 3432 578 3487 stanus
635 3440 790 3498 rex,
851 3421 1087 3484 diuina
1147 3421 1428 3484 fauente
1472 3421 1703 3501 gratia
1765 3419 1980 3483 totius
2039 3419 2442 3482 Britanniae

333 3524 703 3605 primatum
740 3522 995 3604 regalis
1027 3520 1379 3603 regiminis
1403 3520 1744 3596 obtinenS,
1771 3526 2040 3601 partem
2064 3518 2243 3580 ruris
2278 3539 2444 3600 pros

333 3625 462 3705 prii
497 3618 670 3687 iuris
699 3624 834 3685 mei
867 3619 1128 3685 ditione
1161 3623 1542 3697 subactam,
1565 3621 1637 3683 in
1668 3619 1936 3684 feruore
1967 3618 2221 3682 amoris
2252 3618 2439 3682 illius

335 3725 452 3806 qui
485 3723 689 3798 dixit,
723 3723 908 3786 Date
936 3730 1006 3785 et
1032 3722 1308 3785 dabitur
1329 3721 1552 3798 uobiS,
1570 3729 1641 3784 et
1675 3740 1801 3802 pro
1835 3721 2087 3784 deuoto
2105 3718 2444 3782 famulatu

335 3832 403 3889 et
445 3822 635 3888 fideli
679 3823 985 3898 seruitio,
1028 3822 1248 3885 libens
1293 3820 1679 3903 perpetuali
1720 3820 2040 3883 libertate
2078 3818 2443 3882 tribuendo

332 3925 650 3989 condono
685 3916 999 3986 AElfrico¹
1033 3921 1217 3985 fideli
1250 3941 1403 3984 meo
1433 3921 1507 3983 in
1537 3920 1813 3984 Christo
1844 3921 2161 3982 ministro
2190 3927 2263 3982 et
2291 3919 2436 4001 epi-

334 4044 547 4107 scopo
589 4040 678 4087 .V.
715 4040 991 4085 mansas
1020 4022 1092 4084 in
1125 4023 1277 4085 loco
1304 4022 1423 4104 qui
1459 4020 1730 4102 uulgari
1770 4020 2070 4082 dictione
2102 4024 2172 4082 et
2202 4018 2441 4099 appel-

249 4130 258 4138 “
333 4125 553 4190 latiua
599 4123 932 4186 relatione
978 4127 1420 4204 nuncupatur
1462 4128 1537 4185 at
1585 4118 1871 4184 Archet.
1977 4119 2067 4182 Et
2118 4138 2247 4199 ego
2285 4117 2428 4180 AEl-

793 4274 809 4306 ¹
833 4276 918 4325 Sic
942 4276 1056 4326 MS.
1079 4292 1093 4337 ;
1126 4275 1372 4339 probably
1395 4274 1592 4324 AElfred
1615 4273 1671 4321 of
1688 4273 1983 4322 Sherborne.
