3044 5019
864 436 1209 485 cHAR'rAE
1262 435 1947 485 ANGLOSAXONIGAE.
2330 419 2463 481 349

342 594 479 658 mei
511 594 946 659 litteratoriis
981 595 1292 677 apicibus
1325 595 1673 671 roboraui,
1709 593 1894 676 quod
1924 613 2080 657 cum
2117 612 2463 657 consensu

346 694 780 759 heroicorum
811 695 1141 771 uirorum,
1165 695 1436 759 cuidam
1470 713 1625 757 meo
1661 694 1975 757 ministro
2007 693 2314 757 uocitato
2339 713 2464 757 no-

346 794 532 857 mine
570 794 868 875 AElfege,
904 794 973 856 id
1007 802 1115 857 est
1151 811 1240 860 .V.
1283 801 1596 858 cassatos
1648 793 2090 856 aeternaliter
2129 793 2463 856 tradendo

351 894 688 970 concessi,
738 894 859 958 ubi
905 893 1264 956 turbarum
1296 893 1666 958 collatione
1710 893 1849 955 iam
1898 893 2158 956 dudum
2212 885 2466 957 nomen

352 992 627 1056 illatum
660 992 790 1056 hoc
832 993 1075 1056 adesse
1124 993 1492 1075 profertur,
1526 1001 1641 1056 aet
1675 991 2051 1056 Ofertune:
2101 999 2180 1055 ut
2208 1000 2464 1056 terram

356 1092 497 1155 iam
525 1092 932 1174 praefatam,
955 1112 1110 1156 meo
1139 1092 1402 1157 scilicet
1424 1099 1681 1156 ouante
1700 1111 2056 1169 concessu,
2076 1093 2468 1156 tramitibus

354 1210 522 1254 suae
553 1192 908 1273 possideat
939 1193 1154 1271 uitae,
1187 1193 1509 1274 deinceps
1555 1211 1854 1273 namque
1897 1191 2029 1254 sibi
2072 1192 2468 1255 succedenti

354 1290 467 1353 cui
517 1291 819 1356 uoluerit
862 1291 1141 1356 haeredi
1186 1291 1643 1375 derelinquat,
1688 1310 1815 1354 ceu
1861 1289 2204 1373 praedixi,
2240 1290 2342 1354 illi
2391 1292 2464 1354 in

351 1397 702 1454 aeternam
735 1390 1252 1466 haereditatem.
1346 1391 1640 1455 Maneat
1670 1391 1884 1472 igitur
1910 1410 2138 1454 meum
2167 1391 2298 1455 hoc
2330 1391 2460 1454 im-

351 1490 607 1554 mobile
641 1491 894 1555 donum
944 1500 1227 1555 aeterna
1256 1490 1580 1555 libertate
1623 1490 2020 1568 iocundum,
2054 1511 2209 1555 cum
2241 1493 2462 1555 omni-

350 1591 483 1653 bus
533 1610 714 1672 quae
759 1591 846 1653 ad
892 1592 1120 1673 ipsum
1152 1592 1381 1655 locum
1409 1591 1754 1673 pertinere
1787 1590 2260 1668 dinoscuntur,
2315 1599 2459 1655 tam

351 1690 425 1753 in
470 1690 743 1771 magnis
798 1711 1006 1773 quam
1056 1691 1128 1754 in
1182 1690 1472 1754 modicis
1538 1691 1767 1766 rebuS,
1820 1690 2110 1772 campis,
2156 1692 2458 1773 pascuiS,

353 1790 599 1872 pratis,
657 1789 878 1868 siluiS,
929 1797 1223 1873 excepto
1273 1790 1621 1854 communi
1682 1789 1942 1867 labore,
1996 1790 2463 1872 expeditione,

354 1889 615 1971 pontiS,
660 1891 930 1954 arcisue
973 1890 1561 1954 coaedificatione.
1665 1888 1742 1953 Si
1774 1890 1894 1971 qui
1929 1887 2247 1971 denique,
2296 1889 2462 1953 mihi

358 2008 498 2052 non
568 1990 865 2071 optanti,
921 1989 1100 2053 hanc
1165 1989 1506 2053 libertatis
1565 1987 1842 2053 kartam
1885 1988 2104 2052 liuore
2157 1989 2462 2072 depressi

354 2088 622 2152 uiolare
691 2089 1101 2171 satagerint,
1160 2088 1550 2170 agminibus
1609 2096 1830 2153 tetrae
1899 2087 2215 2169 caliginis
2281 2089 2462 2172 lapsi

354 2207 600 2251 uocem
633 2189 921 2253 audiant
959 2188 1492 2252 examinationis
1526 2189 1637 2252 die
1668 2188 1946 2252 arbitris
1979 2188 2109 2251 sibi
2142 2189 2459 2268 dicentis,

361 2287 715 2352 Discedite
743 2308 788 2352 a
818 2308 927 2352 me
959 2287 1308 2352 maledicti
1349 2288 1423 2351 in
1466 2289 1698 2369 ignem
1733 2294 2111 2364 aeternum,
2143 2288 2263 2351 ubi
2305 2309 2462 2352 cum

357 2387 808 2452 daemonibus
841 2388 1080 2452 ferreis
1113 2388 1585 2469 sartaginibus
1608 2387 1868 2451 crudeli
1900 2394 2354 2467 torqueantur
2386 2390 2460 2452 in

358 2506 606 2569 poena,
653 2488 713 2552 si
757 2508 896 2553 non
944 2496 1105 2552 ante
1153 2495 1446 2553 mortem
1497 2487 1710 2569 digna
1760 2486 1889 2551 hoc
1942 2487 2461 2554 emendauerint

359 2587 809 2669 poenitentia.
912 2586 1099 2653 Acta
1162 2596 1268 2652 est
1323 2588 1494 2652 haec
1556 2587 1872 2670 praefata
1927 2587 2211 2652 donatio
2272 2608 2457 2653 anno

361 2687 743 2752 dominicae
771 2688 1266 2753 incarnationis
1295 2705 1728 2752 nccccnvm.
1757 2686 2128 2751 indictione
2160 2688 2404 2770 prima.

473 2790 551 2870 ›1‹
581 2789 736 2869 Ego
773 2788 1055 2870 Eadgar
1098 2808 1221 2851 rex
1257 2786 1648 2870 Anglorum
1680 2786 2254 2852 indeclinabiliter
2295 2809 2459 2853 con-

360 2887 560 2951 cessi.
675 2889 753 2969 ’Β
795 2889 948 2970 Ego
1010 2887 1306 2970 Oskytel
1367 2888 1733 2970 episcopus
1799 2888 2115 2950 consensi
2177 2894 2247 2951 et
2295 2890 2460 2951 sub-

358 2986 626 3068 scripsi.
742 2991 820 3071 ›1‹
854 2989 1008 3070 Ego
1045 2988 1368 3052 Dunstan
1412 2988 1779 3070 episcopus
1824 2985 2141 3049 consensi
2190 2993 2261 3050 et
2294 2989 2456 3051 sub-

361 3087 629 3168 scripsi.
743 3090 821 3170 ›1‹
855 3088 1007 3169 Ego
1045 3087 1357 3170 Kynesie
1396 3087 1762 3170 episcopus
1807 3084 2126 3149 consensi
2172 3092 2244 3149 et
2292 3089 2455 3151 sub-

362 3186 630 3268 scripsi.
744 3189 822 3269 ›1‹
853 3188 1006 3269 Ego
1069 3185 1293 3251 Assulf
1353 3187 1720 3269 episcopus
1787 3185 2106 3249 consensi
2160 3192 2231 3249 et
2294 3189 2458 3252 sub-

364 3285 630 3368 scripsi.
767 3288 845 3368 ›1‹
889 3287 1042 3368 Ego
1110 3286 1496 3351 Leofuuine
1572 3287 1941 3368 episcopus
2013 3287 2330 3350 consensi
2388 3295 2459 3352 et

339 3385 761 3467 subscripsi.
907 3388 985 3468 ›1‹
1020 3386 1340 3450 AElfhere
1403 3387 1569 3450 dux.
1718 3386 1796 3466 ›1‹
1829 3385 2002 3449 Urm
2063 3385 2233 3449 dux.
2366 3389 2444 3469 ›1‹

367 3483 726 3548 AEsselstan
758 3485 925 3549 dux.
1041 3487 1119 3567 ›1‹
1151 3485 1438 3550 Gunner
1464 3486 1632 3549 dux.
1735 3486 1813 3566 ›1‹
1837 3483 2250 3547 AEsselmund
2285 3484 2453 3550 dux.

374 3587 452 3667 ›1‹
485 3584 899 3649 AEsseluuold
952 3584 1116 3648 dux.
1250 3588 1328 3668 ›1‹
1370 3582 1726 3668 Byrhtn05
1777 3583 1944 3647 dux.
2068 3584 2147 3667 ›1‹
2188 3583 2457 3648 Uhtred

361 3683 529 3749 dux.
645 3684 1094 3767 ›1⁴AElfuuine
1130 3685 1464 3749 minister.
1565 3682 2069 3767 ›1⁴Wulfhelm.
2184 3685 2456 3766 ›14AEff-

362 3783 593 3848 uuine.
709 3786 787 3866 ›1‹
824 3783 1075 3866 Sigulf.
1191 3787 1269 3867 ›1‹
1301 3784 1675 3866 Wulfsige.
1791 3786 1869 3866 ›1‹
1901 3782 2253 3849 Wulsnoss.
2368 3788 2446 3868 ›1‹

365 3881 747 3948 AEoelstan.
878 3886 956 3966 ›1‹
988 3881 1432 3948 AEoeluuard.
1563 3885 1641 3965 ›1‹
1671 3881 2105 3947 AEsseluuold.
2241 3885 2319 3965 ›1‹
2352 3884 2460 3947 Si-

365 3983 597 4064 gered.
742 3986 820 4066 ›1‹
866 3983 1160 4047 AElfred.
1312 3986 1390 4066 ›1‹
1434 3981 1810 4064 AEbelsige.
1959 3984 2037 4064 ›1‹
2072 3981 2457 4049 AElfuuold.

374 4085 452 4165 »Β
500 4081 865 4165 Durkytel.
1007 4085 1085 4165 ›1‹
1131 4081 1457 4146 Durmod.
1592 4085 1670 4165 ›1‹
1707 4082 1870 4147 Usa.
2002 4084 2080 4164 ›1‹
2111 4078 2456 4155 AEoelred.

373 4184 451 4264 ›1‹
485 4181 805 4264 AElssige.
919 4183 997 4263 ›1‹
1033 4180 1311 4246 AElfnob
1339 4180 1659 4250 ministri.
