3044 5019
638 380 728 445 48
1147 397 1493 444 anR‘rAn
1541 396 2225 447 AnonosAxochs.

639 570 722 615 ac
752 560 1146 616 senatorum
1178 554 1406 635 gentis
1424 572 1640 630 meae,
1663 551 1936 616 donabo
1965 553 2269 635 aliquam
2298 560 2566 633 partem
2589 552 2740 633 agri

638 671 792 715 meo
831 653 1122 735 principi
1157 646 1470 735 Elpheo‚¹
1516 653 1809 716 libenter
1846 652 2138 734 largitus
2179 671 2332 715 sum
2379 653 2450 714 in
2501 662 2758 733 perpe-'

638 757 830 814 tuam
861 752 1378 829 haereditatem,
1408 752 1478 815 id
1508 761 1616 816 est
1648 768 1780 815 ΧΠ.
1814 759 2241 816 cassatorum
2262 752 2464 814 iuxta
2491 750 2748 815 flumen

638 851 821 933 quod
874 852 1264 933 appellatur
1310 850 1566 916 Cirnea
1633 859 1704 915 et
1768 850 2408 929 Calmundesdene3
2478 858 2557 914 ut
2622 850 2747 913 ha-

638 951 799 1014 beat
849 957 919 1014 et
967 951 1358 1032 perfruatur
1402 971 1560 1014 cum
1616 951 1927 1014 omnibus
1980 951 2394 1014 utilitatibus
2451 948 2540 1012 ad
2594 969 2746 1013 eam

638 1050 1163 1130 pertinentibuS,
1194 1050 1520 1133 quamdiu
1551 1052 1680 1113 sub
1719 1049 2035 1113 astrifero
2078 1050 2272 1115 coelo
2318 1049 2536 1112 uitam
2567 1050 2748 1113 dux-

639 1149 793 1226 erit,
838 1157 905 1213 et
953 1158 1112 1232 post
1166 1151 1430 1215 obitum
1482 1150 1669 1213 illius
1717 1148 1905 1214 Alfei
1951 1150 2357 1232 cuicumque
2404 1149 2749 1231 placuerit

638 1248 1004 1331 relinquat.
1107 1250 1326 1313 Terra
1374 1257 1606 1313 autem
1647 1248 1998 1331 praedicta
2045 1268 2289 1312 secura
2329 1255 2399 1312 et
2441 1249 2754 1311 inmunis·

637 1349 941 1412 omnium
999 1370 1226 1412 rerum
1280 1357 1685 1432 permaneat
1745 1348 2079 1430 regalium
2137 1357 2208 1412 et
2262 1348 2748 1430 principalium

639 1448 971 1511 tributum
1000 1456 1071 1512 et
1105 1441 1611 1513 nixenatorum²
1647 1468 1931 1529 operum
1969 1448 2172 1511 simul
2201 1456 2271 1512 et
2303 1449 2489 1511 omni
2529 1468 2750 1529 pocu-

633 1540 788 1608 lari²
834 1547 1231 1628 grauedine,
1278 1549 1409 1611 nisi
1455 1547 1894 1630 expeditione
1939 1555 2009 1611 et
2049 1548 2282 1630 pontis
2329 1546 2634 1611 factione
2679 1556 2751 1612 et

635 1646 814 1709 arcis
859 1648 1260 1711 munitione.
1365 1648 1439 1711 Si
1466 1647 1622 1730 quis
1651 1647 1828 1710 hanc
1874 1667 2096 1710 meam
2127 1647 2568 1712 donationem
2618 1667 2743 1711 au-

635 1765 797 1826 gere
844 1754 914 1810 et
963 1747 1383 1829 amplificare
1432 1748 1731 1812 uoluerit
1777 1753 2033 1828 augeat
2084 1746 2254 1810 deus
2312 1749 2491 1811 bona
2554 1747 2743 1811 illius

634 1844 745 1909 hic
784 1853 853 1910 et
901 1846 973 1909 in
1022 1847 1278 1912 futuro.
1383 1846 1458 1910 Si
1508 1847 1663 1929 quis
1715 1847 1845 1910 hoc
1901 1846 2219 1926 frangere
2269 1847 2382 1910 uel
2430 1847 2743 1911 minuere

634 1947 1101 2027 temptauerit,
1134 1948 1311 2011 sciat
1357 1966 1432 2009 se
1471 1947 1546 2011 in
1589 1945 1700 2009 die
1742 1946 1976 2009 iudicii
2031 1965 2262 2010 coram
2308 1945 2585 2010 Christo
2636 1966 2746 2010 ra-

630 2044 889 2108 tionem
937 2046 1360 2110 redditurum
1388 2064 1563 2124 esse,
1608 2046 1741 2108 nisi
1785 2053 1948 2109 ante
1990 2045 2464 2109 satisfactione
2509 2065 2744 2110 emen-

631 2144 925 2208 dauerit.
1029 2146 1303 2228 Scripta
1350 2153 1457 2209 est
1507 2153 1738 2209 autem
1788 2145 1991 2208 huius
2042 2143 2436 2209 donationis
2495 2145 2748 2208 cedula

634 2263 818 2308 anno
875 2246 962 2308 ab
1019 2245 1493 2309 incarnatione
1560 2244 1819 2321 Christi
1878 2291 1894 2308 .
1955 2261 2282 2307 occo.1.11.
2363 2244 2742 2309 indictione

632 2344 877 2426 quinta
925 2345 999 2407 in
1049 2345 1219 2408 uilla
1262 2344 1478 2425 regali
1507 2364 1686 2426 quae
1735 2343 2131 2408 nominatur
2176 2344 2459 2421 Escant,
2505 2364 2743 2408 coram

632 2443 896 2508 idoneis
948 2445 1241 2508 testibus
1296 2462 1589 2527 quorum
1641 2444 1922 2508 nomina
1977 2445 2219 2514 subtus
2274 2443 2549 2508 adnexa
2617 2464 2744 2508 no-

636 2553 896 2608 tantur.
1211 2563 1227 2627 g

747 2645 825 2726 ›1‹
876 2643 1029 2725 Ego
1086 2644 1533 2710 Beorhtulfus
1593 2665 1717 2709 rex
1777 2645 1955 2707 hanc
2015 2663 2237 2708 meam
2295 2644 2742 2709 donationem

634 2763 790 2806 cum
852 2744 1053 2825 signo
1101 2746 1324 2810 crucis
1371 2744 1629 2808 Christi
1674 2744 2099 2809 confirmaui.
2216 2745 2294 2826 ›1‹
2324 2745 2477 2827 Ego
2531 2743 2743 2809 Aeol-

632 2844 846 2907 heard
888 2845 1442 2929 archiepiscopus
1486 2846 1803 2909 consensi
1848 2851 1918 2908 et
1962 2844 2358 2926 subscripsi.
2473 2844 2551 2925 ›1‹
2587 2845 2741 2927 Ego

634 2942 874 3008 Alhun
933 2947 1249 3010 consensi
1301 2953 1370 3009 et
1425 2944 1822 3027 subscripsi.
1939 2945 2017 3026 ›1‹
2052 2942 2205 3024 Ego
2256 2944 2490 3007 Mucel
2537 2965 2742 3026 prae-

634 3045 854 3109 fectus
909 3047 1248 3109 consensi.
1363 3047 1441 3125 »Β
1483 3044 1636 3126 Ego
1695 3043 1906 3107 Duda
1951 3043 2094 3106 dux
2140 3043 2536 3125 subscripsi.
2651 3047 2729 3125 ›1‹

637 3144 788 3224 Ego
866 3142 1122 3208 Aldred
1196 3144 1594 3225 subscripsi.
1708 3147 1786 3225 ›1‹
1817 3142 1969 3225 Ego
2026 3142 2292 3206 Eanulf
2341 3144 2740 3226 subscripsi.

644 3245 722 3323 ›1‹
762 3243 914 3324 Ego
941 3243 1178 3310 Uuilla
1206 3242 1604 3324 subscripsi.
1719 3244 1797 3325 ›1‹
1829 3242 1980 3323 Ego
2011 3241 2303 3307 Tiddulf
2321 3243 2721 3327 subscripsi.

1471 3487 1935 3602 CCLXIXJ

901 3684 1583 3749 AETHELUULF
1633 3684 1761 3749 OF
1807 3686 2243 3765 WESSEX,
2297 3638 2475 3752 85:3³²

746 3836 824 3917 ›1‹
860 3833 1271 3897 REGNANTE
1298 3832 1369 3897 in
1415 3840 1823 3914 perpetuum
1851 3834 1984 3899 diio
2016 3834 2104 3899 do
2134 3837 2255 3900 nio
2284 3837 2741 3918 omnipotenti

633 3954 763 4015 ego
816 3931 1140 3996 ebelwulf
1179 3953 1306 3996 rex
1351 3931 1879 3998 occidentalium
1924 3955 2265 3999 saxonum
2314 3955 2439 3998 nec
2486 3956 2627 3999 non
2672 3945 2742 4001 et

629 4034 1143 4098 cantuariorum
1189 4052 1344 4095 cum
1385 4052 1722 4095 consensu
1767 4053 1849 4097 ac
1894 4034 2175 4099 licentia
2200 4055 2507 4099 meorum
2560 4038 2740 4118 opti-

702 4184 717 4213 ¹
742 4187 826 4235 Sic
866 4186 980 4235 MS.
1020 4186 1096 4234 for
1132 4184 1435 4246 Aelffieage‚
1475 4183 1592 4232 who
1631 4198 1739 4232 was

631 4255 1198 4318 Berhtuulss‘nephew.
1871 4216 1893 4249 ²
1915 4219 1999 4269 Sic
2025 4220 2138 4269 MS·
2224 4217 2247 4250 ³
2269 4220 2314 4268 Ρ
2316 4219 2595 4281 ΒΠῙΠΡΒΘΒῐ·
