3044 5019
580 441 712 506 294
1091 451 1436 501 anRrAn
1480 452 2163 501 AnonosAxochn.

587 614 819 683 soluat
839 617 879 683 ς)
960 631 1328 693 secumque
1386 612 1677 675 cabeata
1727 610 1816 675 ad
1872 617 2138 674 tartara
2198 609 2450 685 ducat;
2559 608 2688 672 Sed

587 715 688 778 sci
744 712 876 777 uiri
934 708 1152 799 psago
1216 708 1343 798 s'p'u
1417 711 1745 774 bestiales
1799 706 2343 796 §cognoscentes
2400 707 2690 771 insidias

592 821 790 877 scuto
821 813 1022 876 bonae
1051 811 1435 876 uoluntatis
1468 811 1783 874 coronati
1813 809 2138 893 quicquid
2172 810 2245 872 in
2277 814 2498 873 semet
2524 809 2694 890 ipsis

593 913 873 976 terrenfi
931 913 1241 977 sentiunt
1279 959 1294 974 .
1328 904 1721 974 indesinen't
1776 916 1987 992 atque
2031 903 2227 973 naui?
2270 909 2517 996 opibus
2562 909 2698 970 scis

595 1011 1017 1077 exhauriunt
1076 1011 1260 1075 unde
1318 1010 1743 1074 disscoriatis
1809 1009 1970 1074 cora
2031 1007 2169 1096 xpo
2239 1006 2359 1071 ihu
2431 1008 2698 1071 meritis

597 1113 965 1182 rutilantes
1034 1111 1381 1175 simillima
1454 1110 1701 1174 titanei
1768 1108 2060 1191 fulgoris
2126 1110 2279 1172 luce
2334 1101 2698 1195 psenten'33

598 1213 709 1276 De
741 1231 1033 1294 quorum
1066 1208 1311 1297 peonio
1357 1211 1528 1274 tuba
1560 1212 1697 1273 scae
1738 1210 2122 1291 scripturae
2150 1207 2492 1272 rebohans
2521 1209 2704 1271 inter

600 1311 740 1375 alia
777 1311 1175 1375 testimonia
1204 1310 1541 1396 ppensius
1568 1310 2031 1390 intellegenda
2059 1309 2195 1372 niis
2227 1309 2400 1371 haec
2427 1307 2707 1389 gemina

602 1410 886 1474 auribus
934 1409 1332 1475 resultando
1363 1408 1598 1496 ‘pfudit
1617 1413 1657 1480 :²
1734 1410 1939 1473 Beati
1965 1428 2259 1492 quorum
2286 1408 2707 1472 uestimenta

604 1511 767 1574 alba
811 1518 976 1574 sunt
1023 1512 1094 1575 in
1138 1516 1513 1592 conspectu
1559 1509 1713 1588 ‹ffii3
1765 1516 1837 1574 et
1875 1509 2041 1573 alibi
2077 1557 2092 1573 .
2116 1508 2297 1572 Iusti
2336 1507 2705 1589 fulgebunt

603 1611 784 1674 sicut
831 1610 938 1674 sol
989 1610 1060 1672 in
1109 1629 1323 1690 regno
1376 1609 1598 1691 patris
1642 1629 1900 1673 eorum.
2008 1609 2246 1672 Huius
2299 1627 2464 1688 ergo
2526 1607 2708 1670 d'fiici

605 1717 1015 1792 conspectus
1062 1717 1132 1773 et
1175 1702 1370 1792 patni
1416 1728 1647 1772 amore
1700 1709 1897 1791 regni
1938 1709 2179 1796 pfusus
2219 1757 2234 1772 .
2267 1707 2452 1771 unde
2508 1708 2705 1770 nobis

606 1810 832 1874 uictus
895 1816 1113 1874 restat
1161 1810 1309 1872 sine
1361 1808 1569 1872 dubio
1633 1816 1860 1874 certus
1899 1857 1915 1873 .
1949 1808 2033 1873 de
2096 1828 2235 1891 quo
2281 1808 2407 1871 dns
2470 1807 2653 1871 dixit
2689 1856 2705 1869 .

605 1910 853 1974 beatus
915 1912 1034 1992 qui
1095 1908 1535 1973 manducabit
1608 1928 1858 1990 panem
1932 1909 2006 1972 in
2081 1928 2296 1991 regno
2354 1906 2425 1971 di
2459 1954 2478 1971 .
2518 1907 2705 1988 [Ego

611 2008 881 2073 Eadred
928 2029 1054 2072 rex
1098 2009 1335 2073 diuina
1380 2009 1610 2090 gratia
1652 2003 1924 2088 totius]1
1957 2009 2249 2073 albionis
2292 2007 2706 2070 monarchus

610 2117 680 2173 et
722 2109 1150 2190 primicerius
1191 2157 1206 2172 .
1239 2106 1378 2196 xpo
1419 2107 1569 2190 regi
1612 2129 1765 2172 meo
1812 2109 1886 2171 in
1931 2108 2178 2173 throno
2223 2106 2418 2189 regni
2466 2105 2710 2193 pennis

608 2209 1024 2295 ppetualiter
1052 2208 1575 2272 subthronizato
1594 2215 1635 2280 ς)
1685 2229 1722 2272 6
1751 2208 2094 2272 concessis
2136 2208 2304 2271 mihi
2339 2208 2426 2269 ab
2467 2206 2707 2271 eodem

607 2308 917 2373 labilium
950 2309 1142 2390 gazis
1187 2328 1413 2372 rerum
1455 2309 1754 2391 [accepti
1782 2308 2080 2385 tirocinii
2107 2313 2356 2390 quarto
2394 2307 2531 2369 mei
2571 2312 2709 2369 ter-

611 2403 908 2489 restris]¹
965 2408 1159 2490 regni
1210 2428 1391 2472 anno
1425 2455 1439 2470 .
1477 2408 1565 2471 ad
1609 2408 1943 2490 templum
1971 2428 2098 2472 suo
2141 2403 2715 2493 inconphensibili

612 2507 999 2572 dedicatum
1045 2508 1186 2572 nffii
1239 2508 1313 2572 in
1358 2509 1528 2573 urbe
1571 2507 1978 2572 dorobernia
2015 2556 2031 2572 .
2058 2507 2300 2572 Odone
2322 2555 2338 2571 .
2373 2504 2714 2589 archiepi-

613 2627 825 2689 scopo
879 2608 1481 2690 metropolitanam
1538 2609 1935 2672 cathedram
1991 2605 2355 2694 psidente.
2391 2613 2462 2671 et
2512 2606 2709 2687 regni

617 2707 893 2771 celestis
942 2727 1069 2795 sup
1120 2727 1290 2771 arua
1349 2708 1771 2773 brittannica
1818 2709 2052 2773 claues
2109 2705 2531 2794 pportante.
2565 2725 2714 2769 mo—

614 2775 914 2871 nastium
944 2807 1329 2871 raculfense
1371 2808 1477 2870 bis
1524 2807 1717 2871 denis
1767 2809 2089 2891 senisque
2124 2806 2520 2871 estimatum
2556 2825 2712 2868 cas-

616 2908 833 2973 satis,
867 2902 1083 2970 intius
1137 2902 1503 2988 extiusque
1561 2926 1715 2970 cum
1774 2908 2089 2972 omnibus
2132 2874 2253 2971 ad
2308 2907 2439 2970 hoc
2509 2907 2715 2970 rebus

614 3008 745 3071 rite
794 3007 1263 3094 ptinentibuS.
1289 3007 1443 3070 siue
1492 3006 1812 3070 litorum.
1840 3008 1988 3071 siue
2040 3026 2481 3090 camporum.
2505 3025 2709 3088 agro-

615 3126 768 3168 rum
814 3107 1205 3171 saltuumue
1233 3156 1248 3170 .
1274 3108 1454 3171 sicut
1501 3107 1786 3170 inferius
1830 3107 2177 3172 territoria
2218 3106 2676 3193 pmulgantur
2699 3154 2716 3168 .

616 3206 994 3269 humillime
1030 3214 1239 3288 atque
1269 3206 1713 3270 deuotissime
1744 3207 2010 3271 sincero
2045 3206 2249 3270 corde
2276 3207 2351 3268 in
2382 3212 2713 3293 ppetuum

615 3306 723 3367 ius
760 3304 1066 3386 quandiu
1100 3303 1452 3392 ixp'ianitas
1487 3307 1728 3387 uigeat
1776 3329 1828 3393 Ρ
1868 3307 2039 3370 meis
2084 3305 2442 3370 abluendis
2473 3324 2718 3369 exces-

612 3406 811 3470 sibus
853 3405 1568 3470 indeterminabiliter
1585 3406 1947 3490 impendo·
1931 3456 1948 3487 ,
2055 3407 2129 3470 Si
2180 3406 2336 3489 quis
2390 3413 2623 3469 autem
2659 3430 2732 3492 <1³-

619 3506 801 3569 absit
827 3506 1169 3570 tirannica
1215 3506 1431 3570 fretus
1480 3513 1878 3589 potestate.
1912 3507 2217 3587 regalis,
2251 3495 2718 3611 episcopalis.

617 3606 767 3669 siue
795 3606 1000 3669 homo
1030 3607 1321 3670 alicuius
1351 3606 1713 3685 dignitatis
1759 3607 1891 3670 hoc
1935 3572 2283 3671 decretum
2324 3624 2368 3668 a
2411 3603 2501 3668 do
2549 3601 2719 3666 mihi

619 3706 969 3770 conlatum
1013 3706 1387 3788 infringere
1426 3707 1905 3788 temptauerit
1891 3712 1931 3752 J
1976 3706 2125 3770 siue
2173 3706 2458 3769 huiusce
2501 3704 2720 3767 dona-

619 3806 830 3871 tionis
865 3826 905 3870 a
941 3803 1196 3909 pfatab
1163 3806 1457 3871 ecclesia
1482 3806 1596 3870 uel
1642 3826 1924 3889 passum
1957 3806 2152 3888 pedis
2195 3803 2720 3888 segregauerit.

619 3906 692 3971 ni
739 3906 1000 3988 primus
1056 3872 1196 3970 hoc
1235 3907 1498 3973 inorme
1555 3907 1780 3970 scelus
1832 3906 2248 3989 poenitendo
2306 3904 2726 3973 deterserit:l

610 4026 695 4070 se
747 4005 1093 4086 sacrilegii
1147 4006 1420 4089 culpam
1473 4007 1876 4087 [incurrisse
1916 4014 1985 4070 et
2026 4025 2068 4068 a
2106 4006 2241 4070 dno
2271 3998 2344 4085 .]¹
2377 4002 2551 4068 ihu.
2581 4022 2723 4089 xpo

620 4106 690 4169 in
737 4112 1064 4193 ppetuum
1111 4106 1256 4169 sine
1304 4106 1448 4169 ullo
1498 4107 1987 4170 subtractionis
2032 4105 2390 4170 refocilatu
2430 4151 2446 4167 .
2482 4104 2723 4185 damp-

620 4213 944 4280 naturum
1019 4207 1341 4293 psentiat.
1470 4205 1705 4287 [Haec
1777 4207 1958 4269 enim
2039 4197 2472 4288 singrapha]¹
2536 4222 2721 4266 anno

1355 4354 1373 4386 ¹
1409 4359 1531 4407 Lost
1553 4358 1604 4406 in
1628 4358 1711 4406 the
1734 4360 1844 4407 first
1868 4357 1981 4405 MS.
