3044 5019
616 419 750 485 362
1127 411 1474 482 anRrAss
1519 431 2205 481 ANcmsAxochn.

619 591 878 656 domini
937 589 1283 654 sententia
1345 588 1905 652 manifestissime
1965 589 2387 670 promulgat,
2440 589 2714 653 dicens:

621 691 798 755 Cum
825 690 1137 754 uideritis
1166 689 1336 752 haec
1358 688 1528 765 fieri,
1561 689 1807 752 scitote
1830 688 1997 770 quia
2018 708 2308 770 regnum
2329 690 2443 753 dei
2463 709 2714 771 appro-

617 789 999 873 pinquabit.
1110 789 1382 853 Idcirco
1445 808 1578 869 ego
1629 788 1933 870 Eadgar,
1972 786 2366 869 Anglorum
2406 797 2713 853 caetera-

617 910 908 972 rumque
959 889 1269 971 gentium
1302 889 1373 951 in
1417 887 1710 971 circuitu
1760 889 2297 971 persistentium,
2338 888 2720 953 altithrono

618 990 1025 1071 disponente
1057 996 1265 1071 prout
1305 988 1555 1065 uoluit,
1599 988 2024 1069 gubernator
2064 995 2137 1052 et
2173 996 2424 1066 rector,
2472 988 2606 1052 hoc
2650 996 2721 1051 et

615 1096 891 1153 caetera
917 1088 1178 1152 corculi
1211 1107 1467 1152 arcana
1510 1087 1731 1151 nostri
1765 1088 2116 1164 uolutans,
2161 1088 2368 1152 huius
2418 1108 2715 1171 perpen-

617 1191 786 1253 dens
818 1189 1124 1271 practice
1145 1187 1294 1251 uita
1327 1187 1685 1270 opulentia
1711 1187 1857 1251 fore
1889 1188 2185 1253 ditatum
2220 1195 2299 1251 ut
2327 1188 2436 1251 his
2456 1188 2718 1265 fruenS,

617 1289 970 1353 manentia
1008 1287 1246 1369 largus
1290 1286 1620 1364 lucrarer,
1654 1287 1775 1350 uni
1820 1307 1974 1350 meo
2012 1288 2463 1353 deuotissimo
2497 1288 2716 1351 antis-

617 1390 730 1454 titi
773 1395 981 1470 atque
1031 1387 1588 1469 praecessoribus
1634 1387 2150 1465 amabilissimo,
2207 1388 2405 1452 cuius
2464 1407 2716 1450 nomen

617 1495 808 1552 certa
841 1486 1332 1569 astipulatione
1361 1485 1576 1550 Osulf
1608 1487 2015 1568 praefertur,
2046 1487 2405 1551 cuiusdam
2446 1487 2716 1550 telluris

614 1585 1026 1671 particulam
1061 1602 1222 1649 .ΧΧ.
1259 1586 1525 1650 scilicet
1549 1605 1853 1663 mansas,
1887 1587 1961 1649 in
1996 1586 2153 1651 loco
2183 1586 2302 1668 qui
2337 1605 2379 1649 a
2412 1585 2718 1650 solicolis

616 1694 855 1752 notum
891 1686 1188 1768 sumpsit
1231 1685 1648 1749 uocabulum
1694 1685 2017 1763 Stantun,
2052 1693 2390 1769 perpetua
2419 1685 2715 1768 largitus

618 1807 769 1852 sum
800 1786 1210 1865 donatione3
1245 1793 1588 1867 quatenus
1616 1804 1772 1848 cum
1807 1786 2124 1850 omnibus
2151 1805 2331 1868 quae
2364 1786 2536 1849 deus
2557 1805 2712 1849 coe-

617 1887 841 1951 lorum
868 1887 941 1950 in
971 1885 1129 1968 ipso
1162 1885 1431 1950 telluris
1467 1885 1777 1966 gramine
1813 1886 2253 1963 concesserit,
2276 1885 2495 1968 pratis
2518 1886 2711 1948 uide-

620 1986 805 2063 licet,
842 1985 1148 2067 pascuis,
1193 1984 1412 2061 siluiS,
1465 1985 1722 2066 iugiter
1763 1985 2140 2067 possideat,
2190 1993 2262 2049 et
2314 1992 2476 2067 post
2525 1986 2715 2049 uitae

620 2079 797 2152 suae'
833 2085 1098 2148 obitum
1143 2084 1688 2167 quibuscumque
1739 2084 2039 2150 uoluerit
2091 2084 2553 2167 haeredipetis
2606 2104 2713 2147 re-

615 2187 910 2267 linquat.
1029 2181 1138 2247 Sit
1181 2191 1414 2247 autem
1446 2184 1806 2265 praedicta
1846 2185 2054 2249 tellus
2100 2186 2286 2249 omni
2328 2185 2716 2267 praesentis

616 2286 807 2350 uitae
838 2285 1006 2366 iugo
1038 2282 1367 2360 solutum,
1402 2290 1699 2366 excepta
1738 2284 1923 2348 iusta
1961 2286 2400 2368 expeditione
2435 2292 2508 2348 et
2541 2304 2714 2367 pon-

617 2386 709 2450 tis
771 2391 843 2449 et
889 2383 1068 2448 arcis
1124 2383 1519 2446 munimine.
1627 2382 1833 2461 Quod
1870 2385 1931 2447 si
1979 2386 2293 2467 quisque,
2338 2384 2525 2466 quod
2575 2404 2714 2448 non

615 2485 1000 2566 contingat,
1033 2482 1436 2548 daemonica
1462 2489 1698 2547 tursus
1731 2484 2049 2562 audacia,
2075 2504 2299 2550 meam
2329 2483 2511 2548 hanc
2543 2483 2714 2568 dap-

616 2585 947 2649 silitatem
996 2582 1378 2647 adnihilare
1422 2590 1780 2647 mutareue
1828 2592 2119 2649 conatus
2169 2583 2399 2662 fuerit,
2456 2603 2499 2647 a
2547 2604 2712 2648 con-

577 2714 580 2717 ·
619 2684 835 2748 sortio
888 2683 1163 2748 futurae
1213 2683 1666 2747 beatitudinis
1713 2691 1785 2747 et
1834 2691 2065 2749 certae
2122 2684 2385 2767 requiei
2428 2703 2714 2765 seques-

616 2791 877 2847 tratum
929 2803 1004 2848 se
1056 2802 1208 2846 esse
1261 2790 1664 2864 cognoscat,
1711 2790 1783 2847 et
1826 2784 2093 2866 ignium
2143 2783 2437 2848 flammis
2484 2784 2714 2848 medio

617 2884 989 2967 proiectuS,
1033 2902 1293 2965 poenas
1336 2882 1652 2967 lugubris
1690 2883 1996 2947 infinitas
2025 2884 2383 2966 suscipiat,
2424 2883 2560 2946 nisi
2601 2884 2712 2948 hic

616 2984 941 3066 largifluo
989 2983 1429 3047 lacrimarum
1488 2983 1640 3046 riuo
1691 2984 2183 3059 emendauerit,
2235 2982 2418 3065 quod
2468 2991 2712 3047 contra

615 3092 858 3149 nostra
883 3083 1209 3147 instituta
1251 3101 1459 3164 agere
1488 3082 1977 3165 praesumpsit.
2084 3083 2222 3147 His
2267 3082 2469 3145 metis
2507 3101 2708 3164 prae-

618 3184 838 3247 fatum
855 3202 998 3259 rus,
1017 3189 1150 3247 etc.
1193 3180 1403 3246 Anno
1422 3182 1806 3247 dominicae
1834 3183 2330 3247 incarnationis
2354 3199 2708 3247 DccchX.

618 3283 879 3365 scripta
913 3289 1046 3345 ‘est
1110 3280 1281 3345 haec
1345 3289 1571 3363 carta,
1621 3281 1728 3345 his
1777 3282 2071 3346 testibus
2122 3282 2709 3349 consentientibus

616 3401 910 3464 quorum
941 3381 1223 3444 inferius
1251 3381 1534 3445 nomina
1562 3389 2008 3446 caraxantur.

649 3488 655 3494 '
728 3485 806 3565 ›1‹
840 3483 994 3563 Ego
1060 3481 1341 3562 Eadgar
1399 3478 1791 3562 Anglorum
1865 3480 2168 3546 basileus
2246 3482 2715 3547 corroboraui.

627 3585 705 3665 ›1‹
739 3582 893 3663 Ego
925 3582 1255 3645 Dunstan
1296 3580 1855 3664 archiepiscopus
1902 3579 2328 3645 confirmaui.
2443 3583 2521 3663 ›1‹
2557 3582 2711 3664 Ego

615 3680 901 3762 Oscytel
974 3681 1531 3763 archiepiscopus
1590 3680 2039 3745 consolidaui.
2177 3681 2255 3761 ›1‹
2286 3679 2441 3761 Ego
2501 3678 2725 3744 Aaulf

613 3780 996 3862 episcopus
1021 3781 1483 3845 corroboraui.
1602 3782 1680 3862 ›1‹
1711 3781 1864 3862 Ego
1898 3778 2305 3863 Byrhthelm
2345 3779 2714 3863 episcopus

614 3879 1040 3944 confirmaui.
1188 3883 1266 3963 ›1‹
1309 3881 1463 3962 Ego
1510 3880 1840 3946 AElfwold
1920 3881 2289 3964 episcopus
2355 3880 2708 3963 adquieui.

624 3983 702 4063 ›1‹
741 3981 893 4062 Ego
923 3978 1304 4045 AEiielwold
1339 3981 1579 4045 abbas.
1646 4031 1652 4037 .
1693 3984 1770 4064 ›1‹
1802 3982 1956 4063 Ego
1979 3980 2298 4045 AElfhere
2337 3979 2504 4043 dux.
2621 3983 2702 4063 ›1‹

614 4081 768 4161 Ego
814 4079 1148 4143 AElfheah
1194 4079 1363 4144 dux.
1465 4084 1544 4162 ›1‹
1575 4081 1728 4162 Ego
1758 4079 2119 4144 AEiielstan
2164 4079 2326 4142 dux.
2445 4081 2523 4161 ›1‹
2555 4080 2709 4162 Ego

613 4179 975 4243 Eadmund
1042 4179 1212 4243 dux,
1340 4182 1418 4262 ›1‹
1459 4181 1612 4262 Ego
1672 4179 2054 4245 AEbelwold
2122 4179 2289 4243 dux.
2432 4180 2510 4260 ›1‹
2557 4180 2711 4261 Ego
