3044 5019
902 451 1248 499 CHARTAE
1295 452 1970 503 ANeLosAxochn.
2348 438 2483 507 325

368 609 534 672 cora
567 607 656 673 do
688 616 759 672 et
785 610 1050 691 angelis
1086 610 1233 674 eius
1267 658 1282 673 .
1317 609 1475 674 Nisi
1520 610 1713 693 prius
1754 609 1864 675 h‘ic
1902 611 2118 693 digna
2160 611 2479 680 satisfac-

370 708 562 772 tione
589 710 952 773 emendare
983 711 1343 791 satagerit.
1424 710 1594 773 Istis
1629 710 1961 788 terminiS,
1994 718 2125 776 etc.

483 809 561 890 ›1‹
591 808 746 890 Ego
784 808 1052 890 eadwig
1082 829 1206 872 rex
1241 809 1536 891 ang-lorii
1566 810 2139 887 indeclinabiliter
2167 815 2477 879 concessi

364 944 371 947 -
480 910 558 988 ›1‹
589 908 743 990 Ego
776 909 1037 991 eadgar
1067 908 1372 971 eiusdem
1406 909 1591 989 regis
1623 909 1691 970 f?
1716 911 2032 974 consensi

364 1046 369 1047 ff
482 1010 560 1088 ›1‹
590 1007 745 1090 Ego
798 1008 933 1072 oda
991 1005 1302 1094 archieps
1350 1028 1507 1072 cum
1559 1008 1760 1089 signo
1817 1010 1935 1117 sce
1995 1011 2217 1074 crucis
2250 1012 2328 1093 ›1‹
2358 1033 2471 1077 ro-

369 1106 615 1170 boraui
1539 1160 1542 1164 .

479 1207 557 1285 ›1‹
593 1205 745 1287 Ego
815 1205 1119 1269 aelfsinus
1176 1207 1411 1288 presul
1459 1206 1696 1290 sigillii
1763 1207 1920 1314 agie
1965 1207 2189 1271 crucis
2224 1209 2302 1290 ›1‹
2340 1209 2468 1271 im·

364 1324 606 1386 pressl.
1294 1360 1297 1365 .

355 1428 363 1435 ·
480 1406 558 1487 ›1‹
587 1404 741 1486 Ego
776 1405 1040 1488 oscytel
1075 1401 1194 1491 θῇς
1229 1405 1638 1488 consignaui

372 1544 375 1547 -
477 1507 555 1585 ›1‹
590 1504 743 1586 Ego
771 1504 964 1568 osulf
987 1501 1105 1591 θῇς
1133 1505 1456 1586 adquieui

476 1603 554 1684 ›1‹
584 1604 738 1697 Ego
773 1604 1090 1684 wulfsige
1121 1601 1239 1691 θῇς
1276 1604 1650 1685 subscripsi

475 1705 553 1783 ›1‹
586 1703 740 1786 Ego
770 1703 1161 1786 byrhthelm
1192 1701 1310 1791 θῇς
1340 1703 1647 1768 conclusi

354 1838 363 1845 ·
476 1803 554 1884 ›1‹
583 1802 737 1885 Ego
772 1802 1094 1888 aepelstan
1123 1803 1268 1866 dux

474 1902 552 1983 ›1‹
582 1902 736 1984 Ego
768 1901 1109 1966 eadmund
1144 1903 1289 1965 dux

361 2057 368 2062 .
474 2002 552 2083 ›1‹
582 2001 736 2083 Ego
764 2002 1110 2087 byrhtferp
1136 2002 1282 2064 dux

475 2101 553 2182 ›1‹
583 2101 736 2182 Ego
766 2100 1051 2164 aelfhere
1079 2102 1224 2165 dux

476 2202 554 2280 ›1‹
589 2201 743 2282 Ego
778 2200 1044 2282 aelfsige
1075 2201 1224 2265 mis.

470 2300 548 2381 ›1‹
583 2299 736 2381 Ego
770 2300 1036 2364 wulfric
1067 2300 1217 2363 mis.

470 2399 548 2480 ›1‹
582 2400 739 2482 Ego
766 2400 1144 2484 aepelgeard
1180 2398 1333 2464 mss.

471 2502 548 2581 »Β
584 2499 738 2581 Ego
771 2498 1070 2563 aelfheah
1103 2499 1254 2564 mis.

356 2652 367 2661 .
470 2602 547 2680 »Β
576 2599 730 2681 Ego
758 2598 1003 2680 aelfgar
1033 2599 1183 2661 mi‘s.

468 2701 545 2779 »Β
576 2699 729 2780 Ego
762 2697 1110 2783 byrhtferp
1142 2697 1290 2760 mss'.

469 2800 546 2878 »Β
581 2798 735 2880 Ego
768 2796 1004 2862 aelfred
1037 2797 1187 2861 mss'.

1290 2963 1532 2978 a—-———

1226 3091 1605 3160 cccan

1090 3211 1532 3320 ERDWIG„
1577 3239 1729 3304 956.

467 3399 545 3480 ›1‹
577 3395 882 3461 CUNc'rA
930 3410 1113 3475 quae
1155 3398 1531 3456 cernuntur
1577 3390 1758 3454 inter
1796 3387 2064 3451 coelum
2098 3395 2168 3451 et
2204 3396 2458 3456 terram

354 3499 660 3581 practice
724 3492 1137 3575 temporalia
1191 3497 1378 3568 sunt,
1445 3497 1515 3553 et
1572 3507 1753 3571 quae
1810 3505 1950 3548 non
2003 3487 2330 3551 uidentur
2385 3491 2460 3552 in

352 3597 766 3661 coelestibus
845 3592 1151 3657 theorice
1226 3588 1577 3654 catholica
1654 3586 1789 3650 fide
1863 3585 2205 3650 credenda
2276 3596 2456 3653 sunt.

356 3697 801 3779 Quapropter
846 3693 1116 3774 antiqui
1150 3691 1423 3772 dudum,
1454 3688 1935 3763 decreuerunt,
1970 3705 2125 3752 cum
2167 3689 2459 3752 terrenis

354 3795 736 3860 aeternalia
785 3800 855 3856 et
906 3791 1185 3855 caducis
1242 3789 1570 3853 coelestia
1631 3786 2018 3851 colluerari.
2150 3785 2459 3869 Ideoque

350 3896 518 3960 illuc
559 3892 949 3959 anhelando
978 3897 1130 3954 toto
1174 3890 1425 3970 mentis
1456 3887 1814 3951 conamine
1846 3883 2189 3962 alacriter,
2215 3885 2459 3951 Eadwi

351 4016 503 4072 reX,
539 4002 712 4058 nutu
747 3992 858 4055 dei
891 3988 1374 4072 Angulsaexna
1416 3994 1486 4050 et
1515 3983 2283 4050 Northanhumbrorum
2328 3986 2457 4049 im-

350 4102 654 4178 perator,
700 4109 1132 4175 paganorum
1180 4089 1624 4172 gubernator,
1683 4086 2247 4165 Breotonumque
2294 4104 2456 4166 pro-

350 4201 722 4277 pugnator,
793 4196 1173 4273 gratanter,
1225 4195 1303 4251 ut
1363 4187 1624 4249 dictum
1670 4191 1799 4260 est,
1843 4184 1973 4246 deo
2026 4181 2455 4261 cohortante,
