3044 5019
619 434 707 495 54
1129 446 1472 495 CHARTAE
1519 447 2207 495 ANGLOSAxochE.

1446 701 1917 768 CCLXXII.

988 849 1697 929 AETHELUULF,
1744 851 1947 935 April
1991 851 2183 929 23n1,
2227 851 2373 917 854.

865 1046 2638 1064 000000000000000

741 1144 2636 1165 0000000000000000

742 1246 2638 1264 0000000000000000

749 1403 827 1481 ›1‹
859 1399 1043 1463 HAEc
1107 1406 1270 1463 sunt
1319 1398 1643 1462 termini.
1682 1415 1818 1463 ΧΗ.
1876 1399 2255 1463 cassatorfi.
2361 1399 2602 1465 AErest
2655 1422 2746 1465 on
2869 1394 2877 1402 ’

639 1500 938 1581 linleage
978 1499 1480 1564 middewearde
1520 1522 1567 1590 7
1611 1519 1702 1563 on
1746 1497 2125 1580 heanleage
2174 1501 2663 1566 westewearde
2703 1524 2748 1592 7

642 1619 733 1662 an
777 1599 1163 1679 gabuldene
1211 1599 1674 1663 eastewearde
1706 1646 1719 1660 .
1755 1601 1975 1683 banne
2022 1619 2114 1662 on
2158 1600 2468 1681 stapulas
2514 1647 2529 1663 .
2565 1623 2610 1691 7
2656 1622 2748 1664 an

643 1702 964 1763 beonnan
1005 1703 1170 1785 pern
1208 1747 1221 1761 .
1257 1698 1479 1763 bonne
1524 1719 1617 1763 an
1658 1698 1972 1763 tuddeles
2020 1702 2186 1785 porn
2224 1746 2240 1761 .
2282 1722 2327 1790 7
2353 1719 2442 1763 an
2471 1700 2750 1765 broces·

646 1799 849 1882 wylle
897 1847 912 1864 .
963 1803 1182 1885 bonne
1227 1820 1319 1863 on
1348 1799 1525 1864 wulf
1529 1798 1736 1863 beorh
1771 1846 1784 1860 .
1816 1821 1861 1889 7
1906 1817 1996 1861 an
2039 1798 2460 1863 tuddanhiim
2505 1808 2754 1865 weste-

645 1899 964 1963 weardne
995 1948 1007 1961 .
1040 1903 1257 1984 banne
1307 1920 1398 1963 on
1436 1898 1932 1981 bradingleage
1961 1901 2492 1963 westeweardne
2522 1947 2536 1961 .
2567 1923 2612 1991 7
2658 1921 2749 1965 on

646 1999 994 2082 searnlege
1022 1998 1507 2064 westewearde
1541 2045 1555 2061 .
1589 2002 1809 2084 banne
1846 2018 1938 2061 on
1979 1999 2457 2063 beberburnan
2488 2047 2503 2062 .
2532 2004 2753 2087 ponne

648 2119 740 2162 an
785 2098 1248 2182 lawernwylle
1272 2123 1316 2191 7
1350 2119 1440 2163 an
1476 2099 1734 2181 pegdes
1780 2098 1912 2163 setl
1953 2101 2331 2163 eastewerd
2360 2148 2376 2163 .
2406 2100 2562 2164 haec
2588 2110 2756 2166 sunt

648 2197 921 2261 termini
963 2199 1167 2261 unius
1218 2198 1474 2263 cassati
1518 2245 1534 2260 .
1576 2199 1816 2262 AErest
1864 2218 1957 2262 on
1993 2198 2442 2284 hroceswylle
2476 2247 2490 2261 .
2531 2204 2754 2285 panne

647 2318 741 2379 up
804 2318 894 2361 on
947 2302 1138 2383 paene
1195 2319 1349 2380 weg
1403 2301 1484 2384 op
1540 2317 1804 2380 grenan
1863 2297 2050 2360 hlinc
2095 2343 2111 2360 .
2156 2302 2378 2385 panon
2427 2319 2520 2363 on
2574 2302 2753 2366 oden

647 2397 899 2461 uuielle
929 2447 941 2460 .
967 2402 1186 2483 banne
1236 2418 1328 2462 on
1370 2399 1860 2462 daeneheardes
1907 2397 2287 2480 hegeraewe
2335 2447 2348 2460 .
2395 2403 2618 2485 panon
2664 2423 2754 2466 on

647 2500 731 2584 pa
774 2497 1147 2580 hegerffewe
1176 2518 1267 2563 on
1295 2498 1586 2562 humber
1612 2498 1769 2564 sord
1792 2546 1808 2562 .
1836 2501 2055 2583 banne
2082 2499 2386 2582 andlang
2417 2500 2707 2566 humber
2736 2551 2751 2569 .

648 2601 873 2682 panon
901 2618 991 2661 on
1021 2598 1564 2681 eabbincgwylle
1585 2603 1803 2683 banne
1835 2619 1928 2662 on
1953 2600 2255 2663 riscbroc
2277 2648 2289 2661 .
2310 2604 2532 2685 panon
2561 2622 2652 2667 on
2673 2607 2754 2689 pa

650 2704 953 2760 westran
998 2698 1391 2781 fearnleage
1433 2746 1447 2760 .
1488 2702 1706 2783 panne
1751 2719 1843 2762 on
1887 2702 2021 2784 paet
2062 2699 2227 2763 land
2277 2701 2354 2785 pe*
2403 2701 2756 2790 aepelswyp

652 2797 844 2860 ewen
863 2820 908 2888 7
938 2797 1245 2884 apelbold
1295 2799 1693 2862 ealdorman
1740 2797 1882 2861 him
1925 2798 2348 2883 gepingedon
2391 2809 2485 2865 aet
2532 2804 2755 2887 apulfe

652 2918 892 2981 cynge.
1015 2899 1091 2963 Si
1159 2898 1313 2981 quis
1379 2898 1557 2963 hanc
1624 2918 1848 2963 meam
1928 2898 2300 2963 donatione
2365 2920 2620 2984 augere
2688 2911 2757 2967 et

653 2998 1112 3081 multiplicare
1159 2999 1458 3062 uoluerit
1508 3007 1764 3081 augeat
1811 2997 1891 3062 ds
1942 2999 2127 3062 bona
2172 2999 2356 3063 illius
2406 3002 2515 3065 h‘ic
2564 3009 2635 3066 et
2683 3003 2756 3068 in

652 3098 910 3162 futuro.
991 3099 1066 3162 Si
1112 3106 1343 3163 autem
1392 3098 1643 3180 aliquis
1688 3098 1871 3182 quod
1916 3099 2099 3162 absit
2141 3098 2480 3164 diabolica
2514 3101 2758 3167 fraude

655 3197 983 3279 deceptus
1012 3198 1086 3260 in
1114 3199 1386 3279 magnis
1431 3206 1554 3262 aut
1587 3199 1660 3261 in
1704 3198 2012 3262 modicus
2058 3199 2190 3262 hoc
2230 3199 2601 3282 infringere
2648 3203 2759 3266 uel

657 3298 967 3361 minuere
1018 3299 1462 3380 temptauerit
1507 3300 1779 3362 nouerit
1823 3300 1899 3361 se
1947 3300 2036 3362 ab
2085 3301 2272 3363 omni
2326 3301 2600 3365 aeclesia
2644 3322 2757 3367 ca-

656 3396 915 3460 tholica
961 3406 1468 3480 sequestratum
1519 3407 1591 3462 et
1633 3399 1705 3461 in
1752 3398 1861 3461 die
1902 3398 2135 3461 iudicii
2174 3400 2451 3481 quando
2502 3403 2757 3467 coelum

653 3504 723 3560 et
780 3504 964 3562 terra
1009 3505 1327 3562 mouetur
1381 3517 1613 3561 coram
1664 3495 1803 3584 xi30
1848 3504 1918 3562 et
1962 3499 2272 3562 exercitu
2314 3501 2584 3565 coelesti
2628 3503 2759 3567 nisi

653 3604 817 3661 ante
862 3598 1329 3661 emendauerit
1378 3597 1646 3662 ratione
1693 3597 1952 3661 reddat.
2059 3598 2332 3681 Scripta
2376 3608 2484 3665 est
2526 3610 2756 3666 autem

654 3696 796 3760 hffec
893 3697 1159 3761 cartula
1231 3716 1414 3761 anno
1491 3697 1708 3761 diiicae
1775 3698 2268 3766 incarnationis
2317 3747 2333 3764 .
2391 3718 2755 3767 Deccmm.

655 3796 875 3860 indiet
931 3815 975 3860 1.
1026 3797 1098 3859 in
1145 3796 1315 3860 uilla
1376 3797 1595 3878 regali
1638 3797 1758 3879 qui
1816 3798 2209 3880 appellatur
2258 3798 2531 3864 uuiltiin
2584 3850 2599 3866 .
2650 3804 2759 3867 die

654 3897 955 3960 secundo
1009 3917 1146 3979 quo
1193 3897 1450 3979 pascha
1496 3898 1882 3962 celebratur
1925 3898 2031 3961 his
2075 3899 2369 3963 testibus
2413 3903 2757 3966 consenti-

652 3997 926 4060 entibus
973 4005 1043 4062 et
1078 3997 1665 4060 subscribentibus
1714 4017 2007 4080 quorum
2053 3999 2334 4065 nomina
2377 3998 2559 4064 infra
2604 4024 2755 4085 pre—

649 4104 893 4161 notata
925 4098 1360 4162 cernentibus
1387 4098 1571 4160 clare
1601 4105 1985 4181 patescunt.
