3044 5019
893 424 1236 473 CHARTAE
1283 423 1427 470 ANc
1438 422 1969 470 LosAxoNJcAss.
2347 408 2478 470 409

371 579 557 643 maui
585 580 663 659 ›1‹
681 626 697 642 .
820 580 975 662 Ego
1024 581 1350 644 Dunstan
1414 578 1974 661 archiepiscopus
2029 578 2358 642 consensi
2408 586 2480 642 et
2604 578 2613 586 “

370 678 745 760 subscripsi
774 681 852 760 ›1‹
870 728 886 743 .
1014 680 1167 760 Ego
1215 678 1500 762 Oscytel
1550 678 2108 760 archiepiscopus
2162 678 2478 741 consensi

370 785 440 840 et
474 777 851 861 subscripsi
879 781 957 860 ›1‹
975 826 991 841 .
1095 778 1250 859 Ego
1285 778 1594 841 AElfstan
1638 778 2000 861 episcopus
2044 778 2361 840 consensi
2409 784 2479 840 et

369 876 745 959 subscripsi
778 880 889 959 ᾧ.
1004 878 1160 958 Ego
1206 877 1591 962 AEpelwold
1631 878 1996 960 episcopus
2043 877 2361 940 consensi
2407 883 2478 939 et

371 975 747 1058 subscripsi
780 980 858 1059 ›1‹
877 1024 891 1040 .
1020 977 1174 1057 Ego
1225 976 1567 1059 Wynsige
1631 977 1992 1057 episcopus
2037 977 2356 1040 consensi
2407 983 2478 1039 et

371 1075 746 1157 subscripsi
774 1078 885 1157 *1⁴-
1014 1075 1168 1157 Ego
1236 1074 1516 1139 Oswold
1594 1075 1958 1157 episcopus
2017 1076 2334 1138 consensi
2404 1082 2476 1138 et

376 1173 752 1256 subscripsi
784 1177 862 1256 ›1‹
880 1222 896 1238 .
1003 1174 1155 1255 Ego
1222 1174 1559 1238 Brihtelm
1621 1175 1982 1256 episcopus
2037 1175 2354 1237 consensi
2407 1181 2478 1237 et

373 1272 749 1355 subscripsi
780 1274 892 1353 ᾧ.
999 1274 1153 1355 Ego
1184 1273 1397 1337 Osulf
1426 1274 1791 1355 episcopus
1843 1273 2277 1336 consensi.et
2314 1273 2478 1335 sub-

372 1372 618 1453 scripsi
649 1374 727 1453 ›1‹
745 1420 761 1435 .
843 1373 995 1455 Ego
1024 1372 1357 1436 AElfwold
1385 1373 1883 1455 episcopusfflff
1941 1373 2093 1454 Ego
2116 1372 2475 1435 Ealdhelm

376 1470 742 1552 episcopus
771 1474 882 1553 ᾧ.
988 1473 1142 1554 Ego
1173 1470 1806 1556 Eabulfepiscopus
1847 1474 1958 1553 ᾧ.
2067 1472 2220 1553 Ego
2242 1470 2475 1535 Wulf-

373 1569 472 1647 ric
503 1570 865 1652 episcopus
894 1574 1005 1653 nx«.
1111 1572 1265 1654 Ego
1308 1571 1660 1636 Leofwine
1706 1572 2072 1653 episcopus
2105 1574 2215 1653 ᾧ.
2322 1571 2476 1651 Ego

373 1667 681 1732 AElfstan
727 1671 1090 1753 episcopus
1117 1672 1229 1751 ᾧ.
1354 1672 1505 1753 Ego
1561 1669 1882 1733 AElfhere
1926 1671 2072 1733 dux
2104 1672 2216 1751 ᾧ.
2323 1670 2475 1750 Ego

379 1766 710 1831 AElfheah
739 1768 882 1832 dux
911 1771 989 1850 ›1‹
1008 1818 1022 1834 .
1133 1771 1285 1851 Ego
1307 1771 1664 1855 AEpelstan
1687 1769 1830 1832 dux
1866 1771 1944 1850 ›1‹
1962 1817 1977 1832 .
2071 1769 2224 1850 Ego
2250 1768 2479 1853 AEpel-

370 1867 551 1929 wine
602 1867 745 1930 dux
775 1870 886 1949 *1⁴-
994 1854 1150 1950 Ego
1204 1869 1480 1951 Ordgar
1528 1868 1672 1931 dux
1706 1870 1818 1949 *1⁴-
1925 1868 2078 1948 Ego
2136 1866 2472 1930 Brihtn05

371 1964 514 2027 dux
549 1968 660 2047 *1⁴-
800 1967 951 2049 Ego
1004 1963 1343 2033 'AElfwine
1404 1968 1718 2032 minister
1757 1968 1869 2047 ᾧ.
2007 1967 2159 2048 Ego
2207 1966 2488 2030 AEinulf

370 2064 685 2128 minister
713 2067 819 2146 ᾧ.
929 2067 1081 2149 Ego
1112 2066 1423 2133 Wlfstan
1456 2068 1768 2131 minister
1796 2068 1874 2147 ›1‹
1893 2114 1908 2129 .

1246 2361 1585 2429 DXVII.

1106 2507 1549 2588 OSWALD‚
1594 2509 1742 2574 965.

482 2661 560 2740 ›1‹
591 2658 683 2722 IN
721 2658 994 2723 nomine
1029 2667 1312 2724 sanctae
1360 2667 1430 2724 et
1477 2658 1874 2723 indiuiduae
1907 2657 2272 2724 Trinitatis
2322 2661 2470 2726 dei!

363 2757 722 2841 Quicquid
760 2758 1062 2822 humana
1091 2760 1336 2842 incipit
1366 2760 1786 2824 machinatio
1824 2758 2172 2836 inchoare,
2200 2768 2475 2843 oportet

370 2858 687 2939 primitus
722 2864 1088 2940 pantorum
1142 2859 1478 2923 conditori
1515 2859 2016 2933 commendare,
2062 2860 2249 2941 quia,
2286 2861 2470 2942 quod

370 2956 644 3020 diuinus
708 2976 931 3020 sermo
985 2957 1411 3021 demonstrat
1471 2958 1708 3021 diuino
1753 2964 2025 3021 constat
2082 2959 2468 3040 propalare.

361 3056 550 3120 Ecce
590 3057 918 3119 diuinitas
978 3058 1245 3120 cunctis
1284 3056 1354 3119 in
1406 3055 1777 3138 propatulo
1813 3057 2213 3136 euangelico
2263 3077 2469 3139 para-

370 3157 672 3238 digmate
738 3156 994 3219 clamat
1057 3156 1378 3219 alacriter
1439 3156 1651 3218 uerbo
1717 3156 2147 3235 imperantis,
2210 3157 2469 3235 dicenS,

369 3256 557 3319 Date
632 3263 703 3319 et
765 3256 1040 3318 dabitur
1101 3255 1324 3318 uobiS.
1448 3254 1892 3338 Quapropter
1953 3254 2277 3318 uidelicet
2339 3277 2469 3338 ego

371 3353 738 3417 Oswaldus
774 3353 1263 3435 archipraesul,
1296 3374 1450 3417 cum
1495 3374 1835 3418 consensu
1881 3373 1962 3416 ac
1995 3353 2276 3417 licentia
2324 3376 2472 3420 mo-

368 3454 678 3517 nasticae
711 3454 1254 3516 conuersationis
1283 3459 1570 3516 sanctae
1599 3460 1669 3515 et
1702 3455 2153 3516 intemeratae
2182 3453 2471 3534 uirginis

372 3552 664 3629 Mariae,
698 3553 892 3616 cuius
923 3552 1322 3616 monasterii
1369 3552 1781 3633 episcopalis
1826 3550 2155 3614 cathedra
2193 3560 2469 3618 constat

369 3659 612 3715 sancto
646 3651 856 3715 Petro
889 3651 1205 3734 apostolo
1239 3651 1369 3714 deo
1414 3657 1698 3713 auctore
1735 3656 2161 3726 consecrata,
2193 3653 2471 3716 confero

370 3751 674 3814 fraterno
702 3739 1185 3815 concordantis
1208 3751 1509 3813 familiae
1533 3749 1832 3831 colloqui
1863 3747 2289 3826 AEbelstanm
2319 3753 2471 3815 ual-

370 3851 455 3914 de
511 3850 803 3915 fideliter
846 3850 1178 3914 hactenus
1209 3849 1651 3931 promerenti,
1697 3855 1952 3912 terram
1985 3856 2282 3931 quatuor
2323 3871 2471 3914 ma-

368 3951 700 4026 nentium,
725 3950 991 4012 duobus
1017 3949 1090 4011 in
1111 3949 1282 4013 locis
1302 3948 1817 4025 consistentem,
1841 3949 1928 4012 ad
1949 3945 2246 4012 Sutsham
2273 3949 2471 4027 duas,

367 4068 631 4111 necnon
672 4057 743 4111 et
774 4048 845 4111 in
891 4049 1028 4113 alio
1072 4048 1227 4111 loco
1271 4048 1444 4110 duas
1494 4047 1611 4110 ubi
1662 4055 2101 4129 nuncupatur
2127 4055 2241 4111 aet
2272 4048 2462 4112 Muc-

368 4154 559 4224 tune,
596 4148 727 4211 sibi
755 4155 964 4230 atque
992 4148 1172 4211 binis
1205 4155 1365 4231 post
1387 4167 1462 4228 se
1481 4145 1913 4224 haeredibus,
1942 4146 2427 4229 possidendam
2455 4169 2472 4229 ;
