3044 5019
484 488 495 497 ,
563 413 695 479 422
1061 428 1407 477 onAR‘rAn
1451 426 2137 476 ANGmsAxomcan.

569 585 996 650 confirmaui.
1110 587 1189 668 >1⁴
1219 586 1370 667 Ego
1402 584 1772 650 Oswaldus
1807 585 2174 668 episcopus
2204 585 2458 648 donum
2488 585 2675 665 regis

569 685 996 750 confirmaui.
1109 687 1187 766 ›1‹
1218 686 1372 767 Ego
1425 684 1713 749 Osulfus
1757 686 2124 768 episcopus
2170 684 2424 748 donum
2487 685 2676 765 regis

572 785 1000 848 confirmaui.
1080 787 1195 866 v›1‹
1226 785 1379 867 Ego
1427 783 1953 869 Byrththelmus
1998 785 2365 867 episcopus
2418 784 2674 848 donum

573 886 759 966 regis
792 884 1221 948 confirmaui.
1334 886 1413 967 >1⁴
1444 885 1599 966 Ego
1634 882 1992 950 Aldelmus
2019 885 2386 967 episcopus
2415 884 2677 948 donum

577 985 782 1065 regis,
808 983 1229 1047 confirmaui.
1347 986 1425 1065 ›1‹
1461 983 1615 1065 Ego
1662 982 1957 1047 Assulfus
2009 985 2374 1067 episcopus
2418 983 2680 1048 donum

578 1083 764 1165 regis
807 1083 1237 1147 confirmaui.
1354 1085 1432 1164 ›1‹
1466 1082 1621 1164 Ego
1661 1083 1978 1148 Winsius
2020 1085 2390 1167 episcopus
2422 1084 2680 1147 donum

577 1182 764 1265 regis
792 1183 1217 1247 confirmaui.
1352 1184 1431 1265 >1⁴
1475 1182 1629 1264 Ego
1675 1184 2124 1265 AEscuuynus
2174 1183 2388 1246 abbas
2421 1183 2679 1246 donum

580 1284 766 1364 regis
829 1282 1256 1347 confirmaui.
1388 1285 1469 1363 ›1‹
1518 1281 1676 1362 Ego
1742 1282 2056 1365 Osgarus
2133 1283 2352 1346 abbas
2423 1282 2680 1346 donum

579 1383 766 1463 regis
815 1382 1238 1447 confirmaui.
1353 1383 1431 1462 ›1‹
1467 1380 1621 1462 Ego
1668 1380 2097 1464 Albrychtus
2146 1382 2361 1445 abbas
2424 1382 2680 1445 donum

579 1483 764 1562 reg-is
825 1481 1252 1545 confirmaui.
1367 1483 1445 1562 ›1‹
1492 1480 1647 1561 Ego
1695 1481 2088 1544 AElfstanus
2149 1480 2366 1544 abbas
2426 1480 2680 1544 donum

581 1582 767 1661 regis
812 1580 1238 1645 confirmaui.
1352 1582 1430 1661 ›1‹
1467 1579 1619 1660 Ego
1654 1580 1963 1662 Algarus
2010 1580 2271 1662 primus
2322 1580 2482 1643 huic
2526 1579 2683 1644 loco

583 1681 799 1744 abbas
867 1681 1227 1745 ordinatus
1291 1678 1571 1744 Christo
1621 1681 2074 1762 gubernante,
2130 1678 2449 1743 beneuoli
2493 1680 2681 1760 regis

584 1780 1025 1843 donationem
1072 1779 1310 1861 accepi
1365 1786 1435 1842 et
1488 1779 1917 1843 confirmaui.
2049 1781 2127 1860 ›1‹
2160 1779 2311 1860 Ego
2364 1778 2684 1842 AElfhere

583 1879 728 1942 dux
793 1880 1232 1944 donationem
1296 1878 1481 1959 regis
1540 1879 1967 1942 confirmaui.
2098 1879 2177 1960 >1⁴
2211 1879 2365 1959 Ego
2413 1877 2687 1941 AElfeac

585 1980 730 2043 dux
777 1978 1203 2042 confirmaui.
1320 1980 1398 2059 ›1‹
1430 1977 1583 2059 Ego
1638 1977 1998 2060 ordgarus
2057 1977 2202 2040 dux
2258 1977 2685 2042 confirmaui.

597 2079 675 2158 ›1‹
710 2077 863 2158 Ego
884 2075 1298 2158 AEBelgarus
1329 2078 1473 2140 dux
1496 2078 1925 2141 confirmaui.
2004 2079 2082 2158 ›1‹
2112 2076 2266 2160 Ego
2286 2076 2687 2141 AElfuuinus

586 2195 818 2240 comes
867 2176 1294 2240 confirmaui.
1410 2178 1488 2257 ›1‹
1522 2175 1676 2258 Ego
1734 2175 2175 2260 Byrhtnossus
2227 2195 2456 2241 comes
2522 2195 2686 2239 con-

586 2276 880 2340 firmaui.
994 2279 1075 2357 ›1‹
1105 2271 1266 2358 Ego
1290 2275 1598 2339 Wulune
1636 2277 1839 2350 miles
1878 2276 2305 2341 confirmaui.
2419 2277 2498 2358 >1⁴
2533 2275 2688 2355 Ego

591 2374 1013 2441 Brictferiius
1043 2375 1238 2439 miles
1269 2375 1696 2440 confirmaui.
1765 2379 1843 2458 ›1‹
1865 2376 2018 2458 Ego
2043 2375 2452 2440 Osuuardus
2485 2374 2685 2438 miles

587 2476 1010 2540 confirmaui.
1123 2478 1201 2558 ›1‹
1238 2475 1392 2558 Ego
1454 2474 1962 2542 AEiieluuardus
2017 2476 2217 2541 miles
2263 2474 2685 2540 confirmaui.

596 2578 677 2656 ›1‹
716 2577 869 2657 Ego
903 2575 1280 2640 Wilse'riius
1324 2575 1522 2640 miles
1556 2576 1984 2641 confirmaui.
2087 2578 2165 2657 ›1‹
2195 2576 2349 2657 Ego
2388 2574 2691 2657 Byrtha-

589 2694 760 2739 neus
788 2675 984 2739 miles
1019 2675 1441 2739 confirmaui.
1556 2679 1635 2760 ›1‹
1668 2677 1823 2757 Ego
1855 2676 2257 2741 Wlfuuinus
2300 2674 2495 2739 miles
2520 2693 2690 2737 con-

592 2771 885 2840 firmaui'.
1001 2777 1079 2856 ›1‹
1115 2776 1267 2857 Ego
1300 2774 1667 2840 Wlstanus
1699 2776 1898 2840 miles
1927 2775 2354 2839 confirmaui.

1452 3070 1836 3136 Dxxlv.

1256 3212 1302 3258 ⁴¹*
1350 3182 1795 3296 moesia,
1842 3219 1995 3284 966.

706 3367 784 3446 ›1‹
816 3363 906 3427 ΙΝ
943 3363 1219 3426 nomine
1253 3366 1627 3431 saluatoris
1664 3367 1925 3433 Christi
1958 3368 2208 3433 Ihesu!
2317 3367 2478 3432 Hoc
2512 3368 2694 3432 enim

595 3465 897 3528 maxime
959 3464 1336 3528 secundum
1403 3474 1718 3531 sanctam
1770 3469 2185 3550 scripturam
2237 3474 2694 3550 percunctan-

596 3570 734 3641 tur,
770 3565 880 3628 cui
912 3570 1034 3627 aut
1073 3565 1622 3649 quibuscumque
1651 3569 2003 3632 manentia
2038 3569 2480 3645 tribuuntur3
2533 3573 2698 3629 sunt

597 3663 780 3726 enim
823 3663 997 3726 haec
1043 3664 1308 3728 caduca
1366 3673 1437 3729 et
1486 3666 1753 3731 incerta
1800 3666 2212 3744 habitantia,
2265 3666 2389 3731 sed
2443 3666 2694 3730 iccirco

598 3762 823 3842 magis
878 3763 1074 3843 sequi
1134 3783 1416 3827 necesse
1475 3773 1581 3829 est
1647 3766 2059 3830 dominicam
2117 3786 2384 3841 uocem,
2437 3772 2517 3829 ut
2563 3772 2698 3839 est,

603 3860 858 3925 Uenite
916 3861 1258 3925 benedicti
1328 3864 1551 3946 patris
1607 3865 1742 3928 mei
1802 3866 1969 3948 quia
2033 3866 2233 3929 uobis
2285 3871 2532 3947 parata
2588 3871 2701 3926 est

601 3960 874 4043 requies
939 3961 1382 4043 sempiterna,
1460 3963 1618 4027 ideo
1669 3965 1997 4029 debemus
2059 3972 2386 4047 excutere
2445 3963 2699 4027 mentis

601 4068 881 4125 nostrae
923 4060 1279 4137 desidiam,
1315 4071 1393 4124 ut
1421 4064 1631 4126 etiam
1671 4065 2018 4128 exteriora
2052 4073 2292 4128 nostra
2322 4064 2703 4144 dampnum

601 4179 726 4240 per
758 4150 1279 4223 similitudinem
1318 4181 1458 4224 non
1492 4162 1963 4241 deducantur3
2017 4165 2106 4227 ob
2135 4183 2344 4246 quam
2385 4182 2526 4226 rem
2562 4180 2703 4241 ego

597 4258 886 4338 -Eadgar
909 4258 1121 4322 totius
1154 4261 1348 4339 regni
1385 4280 1507 4324 rex
1552 4263 1727 4326 citra
1759 4282 1970 4338 mare,
1998 4284 2124 4351 pro
2148 4263 2488 4343 dignitate
2515 4261 2706 4342 regi-
