3044 5019
582 454 712 521 198
1096 464 1442 512 CHARTAE
1488 461 2175 511 AucnosAxochn.

706 627 784 709 ›1‹
806 623 960 705 Ego
992 618 1267 685 aelfstan
1295 668 1310 683 .
1336 619 1402 683 fii
1428 668 1443 684 .
1464 619 1824 684 consensi.
1846 627 1916 684 et
1942 619 2364 702 sub.scripsi.

708 725 786 807 ›1‹
809 723 964 802 Ego
990 717 1370 785 aebelmund
1395 768 1411 784 .
1432 718 1498 782 fii
1526 768 1542 783 .
1564 720 1884 784 consensi
1911 768 1927 784 .
1947 727 2018 785 et
2048 720 2472 802 sub.scripsi.

712 826 790 905 »Β
814 822 966 904 Ego
1002 819 1301 886 aebelnob
1331 868 1347 885 .
1371 819 1439 883 fii
1460 870 1478 887 .
1502 820 1858 887 consensi.
1880 827 1951 885 et
1976 821 2399 902 sub.scripsi.

714 926 792 1008 ›1‹
818 923 972 1005 Ego
999 919 1261 984 eadnob
1282 967 1295 981 .
1319 920 1386 984 ffi
1412 967 1428 985 .
1451 921 1811 985 consensi.
1831 928 1903 985 et
1934 920 2361 1003 sub.scripsi.

719 1027 797 1106 »Β
821 1023 975 1105 Ego
1003 1020 1200 1085 abulf
1213 1069 1228 1085 .
1254 1020 1321 1083 δι
1351 1069 1367 1086 .
1392 1021 1711 1086 consensi
1738 1067 1754 1084 .
1779 1028 1851 1086 et
1883 1020 2309 1103 sub.scripsi.

721 1128 799 1207 ›1‹
824 1122 977 1205 Ego
1000 1119 1269 1186 haebred
1294 1167 1309 1185 .
1332 1120 1398 1185 fii
1426 1168 1444 1186 .
1464 1121 1824 1185 consensi.
1844 1128 1916 1186 et
1946 1121 2372 1203 sub.scripsi.

723 1228 801 1310 ›1‹
827 1222 981 1304 Ego
1011 1221 1281 1303 sigered
1310 1268 1326 1284 .
1352 1221 1420 1284 ffi
1445 1269 1461 1286 .
1487 1220 1844 1286 consensi.
1869 1228 1941 1285 et
1968 1221 2391 1304 sub.scripsi.

730 1328 808 1407 ›1‹
831 1323 984 1406 Ego
1017 1321 1279 1386 aebered
1308 1369 1324 1384 .
1345 1321 1412 1384 ffi
1438 1369 1454 1385 .
1478 1322 1798 1385 consensi
1819 1367 1832 1383 .
1855 1328 1927 1385 et
1951 1322 2374 1404 sub.scripsi.

732 1428 810 1507 »Β
834 1422 987 1505 Ego
1018 1421 1328 1487 eadwald
1352 1470 1368 1486 .
1395 1421 1462 1484 fii
1491 1469 1507 1485 .
1534 1423 1852 1486 consensi
1879 1469 1894 1486 .
1916 1429 1988 1486 et
2017 1422 2445 1504 sub.scripsi.

731 1528 809 1607 ›1‹
831 1523 986 1605 Ego
1014 1520 1306 1604 sigeferb
1334 1570 1350 1587 .
1373 1521 1439 1584 fii
1466 1570 1482 1586 .
1507 1521 1827 1586 consensi
1855 1570 1870 1586 .
1891 1529 1963 1586 et
1987 1521 2411 1605 sub.scripsi.

732 1627 810 1706 »Β
834 1623 987 1703 Ego
1017 1622 1378 1687 eadweard
1401 1670 1416 1687 .
1438 1620 1506 1684 fii
1533 1667 1551 1687 .
1575 1623 1929 1686 consensi.
1955 1630 2026 1686 et
2054 1622 2479 1705 sub.scripsi.

735 1727 813 1809 ›1‹
837 1722 990 1805 Ego
1021 1721 1339 1805 aebelsige
1363 1770 1378 1786 .
1403 1721 1471 1784 fii
1501 1769 1516 1785 .
1538 1723 1856 1786 consensi
1883 1768 1899 1786 .
1921 1730 1992 1787 et
2020 1723 2448 1805 sub.scripsi.

734 1828 812 1907 ›1‹
834 1823 989 1905 Ego
1018 1822 1293 1888 aelfstan
1320 1870 1336 1886 .
1357 1821 1421 1890 fxi
1450 1869 1465 1885 .
1486 1823 1849 1887 consensi.
1874 1827 1945 1887 et
1974 1822 2398 1905 sub.scripsi.

737 1928 815 2007 »Β
843 1924 997 2006 Ego
1029 1922 1296 1988 wulfric
1320 1970 1335 1986 .
1358 1921 1426 1985 fii
1454 1970 1470 1986 .
1495 1923 1817 1986 consensi
1847 1971 1864 1987 .
1885 1929 1957 1987 et
1987 1924 2416 2006 sub.scripsi.

739 2027 817 2106 ›1‹
843 2023 997 2103 Ego
1032 2024 1300 2106 aelfsige
1327 2070 1344 2087 .
1367 2021 1433 2086 fn
1459 2069 1475 2087 .
1501 2022 1865 2086 consensi.
1894 2031 1964 2087 et
1996 2023 2422 2106 sub.scripsi.

741 2127 819 2206 ›1‹
843 2122 995 2205 Ego
1022 2124 1379 2188 biorhstan
1402 2170 1418 2187 .
1442 2122 1509 2184 fii
1535 2170 1551 2186 .
1573 2123 1928 2187 consensi.
1946 2130 2018 2187 et
2049 2123 2471 2206 sub.scripsi.

743 2227 821 2309 ›1‹
846 2224 999 2305 Ego
1030 2223 1295 2306 aelfsige
1321 2271 1336 2287 .
1359 2222 1426 2285 fri
1452 2271 1468 2287 .
1494 2225 1814 2287 consensi
1840 2271 1855 2287 .
1878 2231 1950 2287 et
1979 2223 2406 2306 sub.scripsi.

746 2327 824 2409 ›1‹
848 2324 1002 2406 Ego
1036 2324 1407 2388 biorhtelm
1432 2371 1448 2386 .
1475 2322 1542 2384 ffi
1573 2370 1588 2386 .
1614 2324 1933 2388 consensi
1964 2371 1980 2387 .
2000 2331 2071 2388 et
2099 2325 2529 2406 sub.scripsi.

748 2427 826 2506 ›1‹
851 2422 1003 2505 Ego
1037 2423 1317 2504 eadsige
1341 2471 1356 2487 .
1383 2421 1449 2486 fii
1477 2470 1492 2486 .
1518 2424 1837 2487 consensi
1866 2469 1881 2487 .
1903 2430 1975 2487 et
2001 2424 2426 2506 sub.scripsi.

749 2528 827 2607 »Β
852 2524 1006 2605 Ego
1042 2523 1446 2588 tiobcon.f1i
1472 2572 1487 2588 .
1509 2526 1865 2589 consensi.
1887 2532 1959 2589 et
1989 2525 2410 2608 sub.scripsi.

744 2625 825 2705 ›1‹
849 2623 1001 2705 Ego
1031 2624 1348 2707 wulfsige
1370 2672 1387 2688 .
1408 2622 1475 2686 fii
1503 2672 1521 2688 .
1544 2624 1906 2691 consensi.
1928 2632 1999 2689 et
2031 2626 2458 2708 sub.scripsi.

748 2727 826 2809 ›1‹
850 2723 1005 2806 Ego
1037 2724 1330 2789 ealhelm
1355 2772 1371 2788 .
1393 2723 1460 2786 fii
1487 2773 1501 2788 .
1522 2725 1840 2790 consensi
1867 2773 1883 2789 .
1904 2732 1977 2789 et
2002 2726 2426 2809 sub.scripsi.

750 2828 828 2907 »Β
852 2824 1004 2907 Ego
1039 2825 1369 2890 wulfstan
1390 2872 1404 2886 .
1432 2824 1499 2887 fii
1525 2872 1540 2888 .
1561 2825 1879 2890 consensi
1906 2874 1920 2889 .
1948 2832 2019 2889 et
2047 2826 2472 2909 sub.scripsi.

753 2928 831 3010 ›1‹
855 2925 1008 3009 Ego
1035 2926 1336 2991 berhtric
1365 2974 1381 2989 .
1407 2924 1472 2989 fii
1501 2973 1515 2988 .
1537 2927 1893 2992 consensi.
1919 2933 1990 2990 et
2019 2927 2440 3009 sub.scripsi.

1473 3226 1907 3291 cchxv.

993 3368 1035 3410 *
1060 3331 1753 3444 AETHELSTRN,
1798 3364 1990 3449 Sept.
2021 3366 2210 3446 leth,
2253 3366 2401 3432 934.

759 3520 837 3599 ›1‹
881 3516 1240 3581 FORTUNA
1271 3514 1578 3580 fallentis
1622 3514 1882 3579 saeculi
1913 3535 2176 3599 procax
2215 3536 2355 3580 non
2387 3516 2615 3581 lacteo
2644 3517 2746 3580 in-

648 3618 1217 3681 marcescibilium
1274 3615 1574 3680 liliorum
1630 3614 1927 3680 candore
1975 3617 2314 3694 amabiIiS‚
2360 3617 2483 3680 sed
2535 3617 2755 3682 fellita

647 3717 1009 3782 eiulandae
1069 3716 1530 3799 corruptionis
1575 3715 2033 3781 amaritudine
2082 3717 2378 3794 odibilis,
2428 3715 2755 3782 foetentis

649 3819 828 3882 filios
859 3818 1043 3882 ualle
1085 3818 1159 3882 in
1203 3816 1640 3880 lacrimarum
1682 3817 1908 3881 carnis
1947 3817 2232 3881 rictibus
2269 3816 2758 3882 debacchando

646 3919 1012 3983 uenenosis
1040 3917 1451 3981 mordaciter
1469 3916 1824 3994 dilacerat,
1847 3936 2027 4000 quae
2052 3918 2371 4001 quamuis
2391 3917 2758 3982 arridendo

649 4020 742 4083 sit
786 4017 1172 4082 infelicibus
1217 4016 1674 4082 attractabilis
1732 4018 2155 4082 acheruntici
2204 4018 2293 4082 ad
2343 4018 2484 4082 ima
2526 4018 2755 4096 cociti,

647 4122 717 4184 ni
751 4126 946 4183 satus
978 4119 1103 4183 alti
1130 4118 1496 4182 subueniat
1527 4117 1827 4195 boantis,
1861 4118 2296 4202 impudenter
2327 4125 2435 4183 est
2451 4118 2754 4182 decurri-

648 4221 845 4301 bilis3
887 4227 957 4284 et
986 4219 1141 4284 ideo
1181 4219 1347 4300 quia
1388 4218 1543 4300 ipsa
1591 4218 1872 4284 ruinosa
1910 4219 2287 4284 deficiendo
2316 4219 2552 4283 taliter
2582 4219 2754 4283 dila-
