3044 5019
839 433 1183 482 cHARrAE
1228 432 1914 482 ANGLOSAxochE.
2300 414 2431 480 367

328 593 414 657 ad
480 610 731 657 causas
789 591 1193 668 audiendaS,
1250 610 1377 654 nec
1430 591 1519 654 ad
1577 590 2015 654 fideiussores
2066 589 2434 666 tollendOS,

332 712 457 757 nec
491 692 583 755 ad
609 690 808 754 freda
836 690 951 754 uel
976 693 1243 754 bannos
1270 690 1639 771 exigenda,
1669 696 1742 754 et
1775 690 1865 754 ad
1896 690 2286 754 mansiones
2321 689 2436 753 uel

332 799 616 875 paratas
653 789 1067 868 faciendum,
1113 810 1238 853 nec
1271 790 1451 853 ullas
1485 790 1931 853 redibitiones
1966 789 2438 873 requirendaS,

334 891 516 955 infra
559 890 1042 954 inmunitatem
1093 890 1317 953 sancti
1364 889 1560 953 Petri
1598 890 1866 970 ingredi
1924 889 2040 952 uel
2089 890 2438 971 requirere

338 1010 619 1074 quoquo
667 997 976 1071 tempore
1025 995 1534 1070 praesumatur.
1637 988 1774 1052 Sed
1823 989 2154 1071 quicquid
2189 989 2439 1052 exinde

337 1090 547 1154 fiscus
581 1095 818 1152 noster
848 1094 1226 1151 exauctare
1269 1095 1569 1170 poterat,
1599 1088 1831 1151 omnia
1873 1094 1946 1171 et
1988 1107 2079 1150 ex
2121 1088 2438 1151 omnibus

338 1209 461 1272 pro
496 1187 831 1252 mercedis
877 1195 1156 1251 nostrae
1202 1193 1579 1268 augmento
1623 1188 1753 1250 sub
1784 1188 2058 1268 integra
2089 1193 2175 1251 et·
2191 1187 2437 1250 firmis—

338 1290 515 1352 sima
545 1287 958 1352 inmunitate
989 1287 1429 1351 concedimus
1465 1287 1554 1350 ad
1587 1287 1817 1369 ipsum
1849 1292 2163 1349 sanctum
2211 1287 2439 1350 locum

341 1395 412 1452 et
448 1389 882 1470 imperpetuo
909 1386 1415 1450 confirmamus,
1522 1384 1844 1449 Concedo
1891 1387 2100 1449 etiam
2152 1393 2222 1449 et
2273 1405 2439 1449 con·

342 1488 539 1550 firmo
572 1504 809 1549 omnes
849 1485 1204 1549 libertates
1250 1492 1321 1549 et
1358 1473 1766 1549 donationes
1811 1493 2151 1549 terrarum
2187 1505 2365 1568 quae
2399 1504 2443 1548 a

342 1586 716 1669 praedictis
768 1586 1047 1665 regibus
1095 1604 1220 1650 seu
1275 1585 1456 1662 aliis,
1513 1585 1696 1662 sicut
1736 1584 1992 1665 legitur
2041 1586 2113 1647 in
2153 1585 2442 1667 antiquo

345 1684 765 1767 telligrapho
810 1685 1175 1761 libertatis,
1221 1692 1385 1747 ante
1427 1705 1537 1747 me
1590 1685 1891 1748 donatae
1942 1693 2130 1760 sunt,
2179 1684 2443 1748 scilicet

351 1784 677 1861 Hamme,
710 1783 1047 1867 Wynton‚
1080 1783 1407 1860 Mordun,
1442 1783 1747 1860 Tentun‚
1787 1781 2201 1859 Aldenham‚
2244 1783 2445 1846 Blec-

349 1884 661 1960 cenham,
696 1882 1167 1966 Loyerellege,
1202 1902 1376 1965 quas
1411 1890 1563 1947 tum
1597 1883 2008 1947 uenerabilis
2039 1883 2448 1946 Dunstanus

351 2004 396 2048 a
423 2004 533 2047 me
563 2002 705 2048 una
736 2003 893 2048 cum
919 1982 1272 2065 praedicto
1316 1982 1469 2046 loco
1508 1990 1794 2059 emerat,
1825 2001 2094 2046 necnon
2138 1988 2208 2046 et
2238 1981 2443 2045 liber-

351 2090 531 2148 tates
570 2089 778 2165 atque
823 2083 1206 2164 emptiones
1237 2101 1410 2164 quas
1453 2083 1635 2146 idem
1681 2082 2093 2146 Dunstanus
2137 2101 2245 2145 me
2296 2102 2445 2145 cre-

351 2183 554 2248 dente
624 2183 711 2247 ab
784 2182 1234 2264 optimatibus
1300 2183 1470 2245 meis
1530 2183 1877 2245 mercatus
1944 2189 2074 2259 est,
2131 2188 2202 2246 et
2269 2201 2446 2264 quas

351 2284 562 2346 etiam
624 2300 857 2346 coram
916 2281 1242 2362 legitimis
1299 2281 1594 2345 testibus
1638 2280 1869 2361 sigillo
1925 2300 2053 2344 suo
2114 2287 2185 2343 et
2240 2280 2448 2344 anulo

353 2380 731 2464 episcopali
779 2380 1055 2457 ibidem,
1110 2381 1184 2443 in
1237 2399 1439 2444 usum
1499 2380 1855 2463 praefatae
1915 2379 2315 2455 aecclesiae,
2376 2379 2450 2441 in

351 2488 756 2565 perpetuam
789 2479 1197 2564 perstrinxit
1233 2480 1768 2563 possessionem.
1874 2478 2028 2544 Nos
2066 2479 2329 2562 itaque,
2361 2478 2451 2542 ad

355 2582 631 2646 laudem
680 2581 978 2645 nominis
1027 2581 1286 2645 domini
1334 2587 1405 2644 et
1455 2581 1544 2645 ad
1591 2579 1919 2644 honorem
1966 2580 2190 2644 sancti
2231 2579 2450 2658 Petri,

352 2688 574 2746 terras
601 2699 779 2763 quae
814 2680 926 2744 hic
973 2687 1399 2744 caraxantur
1440 2680 1692 2744 ibidem
1741 2679 2176 2755 donauimuS,
2227 2678 2449 2743 Hole-

352 2781 573 2858 welle,
622 2779 1056 2857 Decewrthe,
1096 2780 1418 2856 Wattun,
1474 2778 1882 2861 Cillingtun.
1985 2778 2188 2842 Haec
2235 2779 2453 2859 igitur

356 2880 757 2963 supradicta
794 2898 981 2956 rura,
1022 2899 1180 2942 cum
1223 2879 1542 2943 omnibus
1582 2879 1670 2941 ad
1706 2898 1781 2942 se
1815 2878 2342 2960 pertinentibuS,
2380 2885 2450 2941 et

358 3000 516 3043 cum
565 2979 895 3043 coenobio
951 2979 1135 3061 quod
1188 2978 1406 3043 Stana
1464 2984 1760 3041 uocatur
1817 2983 1889 3040 et
1951 2976 2268 3040 omnibus
2317 2977 2450 3040 sibi

358 3079 883 3161 pertinentibus,
906 3079 1168 3141 scilicet
1188 3077 1620 3158 Tudingtun,
1643 3075 2082 3158 Halgeforte,
2107 3074 2451 3153 Feltham,

361 3177 808 3253 Ecclesforte,
840 3177 1085 3259 priscis
1115 3177 1542 3259 temporibus
1573 3177 1660 3239 ad
1692 3176 1978 3240 eandem
2010 3176 2456 3258 perhibentur

360 3277 765 3342 aecclesiam
799 3278 1024 3341 sancti
1070 3276 1265 3340 Petri
1303 3277 1667 3359 pertinere,
1699 3277 1879 3340 sicut
1908 3276 2165 3357 legitur
2197 3282 2277 3339 ut
2300 3276 2456 3339 dix-

360 3377 538 3440 imus
583 3377 657 3439 in
702 3377 987 3459 antiquo
1027 3376 1419 3458 teligrapho
1471 3376 1811 3440 libertatis
1866 3395 2073 3457 quam
2118 3397 2244 3438 rex
2300 3375 2459 3438 Offa

360 3476 463 3539 illi
487 3476 905 3540 monasterio
945 3476 1261 3552 contulit,
1300 3495 1510 3558 quum
1556 3474 1908 3540 aecclesiis
1944 3494 2070 3556 per
2096 3475 2460 3537 uniuersas

363 3577 679 3657 regiones
727 3574 1113 3656 Anglorum
1160 3575 1643 3657 recuperatiua
1689 3573 2083 3655 priuilegia,
2119 3572 2459 3638 Wilfredo

364 3674 881 3757 archiepiscopo
909 3674 1255 3752 hortante,
1278 3675 1576 3738 scribere
1592 3673 1817 3751 iussit,
1845 3673 2028 3756 quod
2058 3675 2461 3738 coenobium

366 3774 705 3838 Stanense
749 3775 889 3844 iam
941 3774 1105 3838 olim
1149 3774 1451 3856 regulari
1492 3780 1564 3837 et
1596 3773 2090 3838 monachorum
2142 3773 2461 3838 examine

367 3873 699 3956 pollebat,
723 3880 972 3956 postea
1013 3893 1179 3938 uero
1222 3873 1456 3937 hostili
1501 3873 1802 3956 quadam
1841 3873 2284 3956 expeditione
2320 3873 2462 3936 fra-

367 3973 605 4037 tribus.
624 3973 954 4055 dispersis
1004 3974 1358 4038 solotenus
1402 3979 1509 4037 est
1547 3973 1874 4038 dirutum.
1978 3971 2191 4036 Hanc
2224 3973 2464 4053 itaque

367 4072 758 4137 libertatem
796 4073 1150 4155 praefatae
1196 4073 1572 4136 aecclesiae
1617 4073 1841 4137 sancti
1892 4071 2085 4136 Petri
2134 4069 2465 4153 principis
2560 4088 2564 4092 ·

370 4173 845 4256 apostolorum
891 4173 1224 4251 concessi,
1258 4173 1425 4255 quia
1462 4173 1657 4237 locus
1702 4171 2098 4254 praedictus
2140 4170 2260 4253 qui
2292 4176 2467 4234 tem-
