3044 5019
896 444 1241 492 CHARTAE
1285 443 1971 492 ANcLosAxochss.
2334 429 2466 492 215

1104 701 1711 766 cccnxxvn.

961 819 1658 932 ΑΕΤΗΕᾙΞΤᾸΝ,
1703 850 1856 915 939.

440 1001 518 1081 ›1‹
555 999 967 1064 REGNANTE
994 998 1477 1081 inperpetuum
1507 1002 1642 1064 dno
1673 1001 1793 1064 ιιῗο
1824 998 1946 1063 ihu
1972 999 2134 1088 xpo.
2205 1001 2458 1066 Omnia

277 1099 280 1100 ⁷
350 1100 432 1163 de
476 1120 745 1164 summo
780 1099 934 1164 caeli
981 1101 1177 1182 apice
1222 1100 1526 1165 uisibilia
1572 1108 1643 1165 et
1686 1101 2065 1164 inuisibilia
2111 1101 2457 1165 ordinabi-

348 1198 503 1263 liter
558 1202 989 1282 gubernante
1047 1201 1528 1283 presentisque
1584 1202 1745 1265 uitae
1797 1220 2066 1283 semper
2116 1202 2457 1265 curriculo

347 1300 599 1363 cotidie
675 1301 1114 1364 decrescente
1165 1319 1251 1364 ac
1306 1302 1505 1364 nobis
1583 1301 1990 1365 mortalibus
2045 1300 2454 1383 temporalia

345 1419 522 1480 gaza
550 1420 678 1464 nec
707 1420 846 1464 non
876 1408 947 1464 et
973 1400 1167 1463 lucra
1192 1401 1706 1482 possessionum
1736 1401 2036 1465 inaniter
2069 1402 2454 1465 fruentibus

344 1499 699 1565 facescunt
718 1520 797 1564 ac
828 1499 1158 1564 defluunt.
1209 1499 1370 1578 Qua
1397 1508 1683 1584 propter
1704 1521 1835 1582 ego
1854 1502 2295 1587 AEpelstanus
2318 1502 2451 1565 ,di-³

344 1599 512 1664 uina
542 1601 710 1664 mihi
742 1600 1097 1665 adridente
1128 1601 1357 1682 gratia
1399 1621 1525 1665 rex
1558 1600 1946 1683 Anglorum
1979 1610 2049 1667 et
2078 1602 2451 1717 curagulus

343 1701 559 1763 totius
594 1701 1012 1784 bryttanniae
1042 1697 1345 1783 aliquam
1380 1710 1649 1784 partem
1693 1710 1876 1767 terre
1908 1703 2077 1765 iuris
2116 1703 2250 1766 mei
2294 1721 2452 1784 per·-

342 1800 607 1883 petuali
635 1801 1004 1865 donatione
1033 1801 1329 1865 libenter
1373 1802 1730 1866 concedo,
1767 1802 2037 1864 cuidam
2080 1801 2263 1865 fideli
2294 1821 2449 1866 meo

341 1900 698 1965 ministro.
734 1901 1051 1964 nomine.
1084 1900 1383 1964 ealdulfo
1420 1915 1580 1965 ..xll
1598 1905 1878 1965 mansas
1910 1901 1982 1964 in
2015 1901 2136 1966 illo
2165 1902 2319 1966 loco
2336 1904 2448 1966 cui

340 2001 636 2065 ruricole
665 2000 1039 2082 apellatiuo
1073 2020 1205 2064 usu
1232 2001 1765 2084 ludibundisque
1809 2002 2164 2066 uocabulis
2194 2022 2446 2066 nomen

339 2067 736 2164 indiderunt
793 2146 806 2161 .
859 2108 951 2164 aet
997 2100 1377 2182 meapham.
1485 2101 1835 2179 Quatinus
1896 2103 2013 2167 ille
2063 2104 2238 2166 bene
2286 2123 2444 2185 per-

338 2200 611 2264 fruatur
636 2220 718 2264 ac
749 2200 1244 2282 perpetualiter
1290 2201 1642 2284 possideat
1679 2203 2056 2284 quamdiu.
2087 2204 2288 2267 istius
2329 2222 2445 2266 ca-

337 2300 533 2364 ducis
585 2299 714 2364 scii
756 2302 974 2364 uitam
1014 2308 1247 2365 tenere
1286 2308 1639 2384 presumet
1673 2349 1689 2365 .
1735 2309 1808 2367 et
1840 2310 2002 2384 post
2038 2321 2108 2365 se
2141 2304 2442 2366 cuicum-

338 2420 473 2482 que
532 2400 835 2464 uoluerit
893 2420 1020 2465 ceu
1075 2402 1672 2465 corroborauimus
1724 2402 2166 2486 perhenniter
2211 2402 2446 2466 heredi

335 2501 769 2584 derelinquat
817 2501 891 2565 in
940 2507 1267 2565 aeternam
1330 2501 1735 2567 hereditate.
1839 2502 1947 2568 Sit
1993 2509 2223 2567 autem
2285 2523 2442 2585 pre-

334 2602 593 2666 dictum
655 2620 773 2664 rus
824 2601 1044 2665 liberii
1093 2603 1182 2665 ab
1232 2602 1418 2666 omni
1463 2603 1798 2667 mundiali
1864 2604 2222 2668 obstaculo
2281 2623 2437 2667 cum

332 2703 656 2766 omnibus
709 2703 797 2765 ad
850 2702 925 2765 se*
968 2702 1099 2765 rite
1150 2702 1655 2783 pertinentibus
1690 2751 1705 2766 .
1737 2705 2001 2786 campis
2047 2752 2062 2767 .
2107 2704 2385 2786 pascuis
2421 2752 2436 2768 .

332 2804 553 2885 pratis
586 2851 601 2866 .
635 2801 851 2865 siluis,
958 2801 1292 2885 Exceptis
1326 2802 1482 2866 istis
1522 2805 1746 2868 tribus
1791 2804 2231 2886 expeditione
2265 2823 2438 2885 pon-

332 2903 424 2966 tis
473 2904 740 2966 arcisue
797 2903 1346 2967 constructione:
1416 2903 1493 2967 Si
1549 2905 1705 2987 quis
1766 2910 1994 2966 autem
2054 2903 2237 2985 quod
2300 2922 2441 2967 non

333 3010 656 3085 optamus
704 3003 882 3067 hanc
929 3003 1122 3067 niam
1171 3002 1621 3068 difinitionem
1681 3003 1998 3066 elationis
2042 3002 2284 3066 habitu
2330 3002 2439 3064 in-

332 3103 584 3167 cedens
654 3102 1028 3183 infringere
1089 3105 1535 3185 temptauerit
1605 3123 1976 3186 perpessus
2034 3102 2127 3167 sit
2187 3101 2433 3184 gelidis

333 3203 713 3283 glaciarum
775 3202 1053 3267 flatibus
1118 3209 1189 3267 et
1237 3204 1540 3284 pennino
1608 3204 1919 3268 exercitu
1976 3202 2437 3284 malignorum

332 3304 702 3384 spirituum
738 3350 754 3366 .
789 3302 923 3366 nisi
954 3303 1145 3385 prius
1178 3303 1467 3382 inriguis
1497 3305 1929 3386 poenitentiae
1969 3304 2336 3384 gemitibus
2369 3310 2441 3367 et

331 3423 510 3485 pura
543 3403 1017 3467 emendatione
1061 3403 1550 3467 emendauerit.
1656 3403 1794 3467 His
1834 3404 2237 3468 terminibus
2280 3423 2436 3486 pre-

333 3502 521 3567 dicta
549 3511 734 3567 terra
760 3503 945 3566 circii
973 3510 1223 3586 gyrata
1256 3522 1406 3566 esse
1437 3503 1734 3566 uidetur.

431 3604 532 3688 pis
562 3611 725 3686 synt
754 3607 836 3688 Pa
866 3603 1331 3684 landgemaero
1376 3610 1449 3666 to
1494 3602 1850 3685 meapham
1897 3622 1988 3665 on
2027 3606 2238 3687 supan
2269 3626 2313 3694 7
2347 3624 2439 3667 on

335 3704 777 3767 westeweard
810 3704 940 3767 setl
984 3704 1111 3788 Ροῖι
1158 3706 1319 3787 norp
1365 3702 1543 3767 fram
1588 3704 1761 3767 setle
1807 3709 1880 3765 to
1920 3702 2335 3768 netlesstede
2363 3712 2438 3768 to

330 3807 507 3888 paere
533 3804 707 3866 hane
749 3807 972 3887 ponan
1017 3805 1181 3887 norp
1224 3822 1316 3865 on
1366 3804 1633 3882 gerihte
1685 3802 1990 3884 andlang
2020 3803 2314 3886 hrycges
2358 3808 2439 3890 op

332 3904 603 3967 hredles
638 3903 829 3966 stede
872 3907 1005 3987 paet
1047 3903 1191 3986 forp
1232 3906 1456 3987 ponan
1500 3911 1574 3967 to
1621 3902 2016 3983 fearnleage
2060 3910 2262 3982 geate
2308 3907 2434 3988 po'fi

331 4008 496 4091 norp
557 4007 784 4088 ponan
833 4011 907 4065 to
964 4001 1493 4066 cobbahammes
1546 4023 1814 4067 mearce
1863 4007 2087 4088 ponan
2135 4006 2313 4067 east
2346 4024 2437 4067 on

331 4105 600 4188 gerihte
633 4111 707 4167 to
735 4101 1163 4167 heorotfelda
1190 4111 1393 4185 geate
1426 4103 1602 4167 fram
1641 4108 1791 4189 pam
1835 4110 2035 4184 geate
2063 4109 2215 4165 east
2243 4125 2287 4193 7
2319 4108 2441 4190 sup

328 4228 417 4271 on
474 4206 724 4269 hludes
767 4203 981 4269 beorh
1022 4203 1101 4267 of
1138 4207 1287 4287 pam
1327 4206 1578 4286 beorge
1617 4204 1763 4289 forp
1803 4204 1887 4266 be
1932 4206 2106 4286 paere
2173 4222 2440 4269 mearce
