3044 5019
508 441 517 448 ’
622 450 711 514 98
1137 458 1481 510 cHAR‘rAE
1531 458 2213 508 ANcmsAxochss.

629 642 877 687 namen
926 621 1049 684 her
1089 623 1390 705 benepen
1429 618 1797 683 amerkede
1841 617 2138 681 standen
2180 665 2194 681 .
2243 614 2584 701 Apeldred
2613 635 2734 678 rex

644 724 722 804 »14
740 771 754 786 .
779 719 1049 785 ΕαΙΓθτό
1077 722 1534 805 episcopus&
1551 766 1567 783 .
1591 718 2012 783 Heahmund
2032 718 2423 801 episcopuS,
2456 722 2589 779 etc.
2625 717 2730 796 »14.

1520 1013 1859 1079 CCCIII.

1292 1163 1880 1242 WERFRITH,
1933 1164 2085 1228 872.

752 1318 830 1398 »14
873 1315 1283 1379 REGNANTE
1343 1316 1828 1397 inperpetuum
1891 1313 2168 1376 domino
2237 1320 2474 1377 nostro
2534 1313 2746 1377 Ihesu

603 1408 604 1411 '
644 1415 946 1493 Christo,
979 1424 1363 1497 cunctaque
1397 1434 1534 1478 non
1569 1414 1794 1479 solum
1835 1413 2160 1477 coelestia
2200 1413 2319 1475 sed
2367 1413 2577 1477 etiam
2611 1422 2743 1477 ter-

642 1515 888 1578 restria
915 1515 1185 1596 legibus
1210 1514 1582 1596 aequitatis
1604 1514 1966 1596 imperium
1995 1514 2461 1593 gubernante!
2530 1513 2743 1577 Cuius

644 1614 964 1678 uidelicet
995 1634 1178 1678 anno
1209 1613 1707 1677 incarnationis
1748 1613 2091 1676 humanae
2140 1629 2589 1676 noco.LXX11.
2639 1612 2740 1676 in-

646 1715 945 1778 dictione
976 1731 1043 1778 v,
1151 1714 1302 1795 Ego
1336 1711 1672 1777 Uuerserb
1701 1713 1928 1795 gratia
1957 1712 2067 1776 dei
2095 1712 2442 1794 largiflua,
2479 1714 2742 1794 gratui-

644 1822 857 1896 toque
889 1834 1172 1878 munere
1202 1815 1291 1878 ab
1316 1814 1678 1877 intonante
1727 1832 1809 1876 ac
1848 1820 2207 1895 regnante,
2244 1811 2743 1891 Huuicciorum

648 1916 962 1992 antistes,
1004 1922 1075 1978 et
1117 1914 1472 1978 unianima
1514 1913 1796 1977 licentia
1823 1913 2012 1976 illius
2058 1912 2360 1975 familiae
2397 1913 2471 1975 in
2511 1912 2744 1977 Uueo-

649 2035 871 2097 gorna
900 2022 1164 2078 ceastre
1208 2015 1510 2097 aliquam
1554 2013 1724 2075 iuris
1769 2013 1988 2077 nostri
2029 2011 2376 2076 Eanuulso
2408 2012 2591 2094 regis
2623 2013 2745 2074 mi-

650 2116 891 2190 nistro,
952 2134 1079 2197 pro
1141 2134 1272 2177 sua
1327 2113 1632 2177 amicitia
1692 2120 1763 2176 et
1811 2112 2136 2195 placabili
2193 2112 2486 2194 pecunio
2541 2159 2559 2175 .
2581 2129 2697 2176 xx
2727 2161 2742 2176 .

649 2215 1035 2278 manecusis
1111 2215 1262 2278 auri
1330 2213 1798 2296 probatissimi
1858 2212 2123 2277 donans
2186 2211 2409 2289 trado,
2479 2211 2550 2274 id
2619 2221 2746 2289 est,

649 2315 824 2378 duas
868 2313 1259 2378 mansiones
1292 2334 1382 2377 on
1417 2312 1861 2397 Hnuthyrste
1906 2312 2038 2376 sibi
2082 2312 2228 2375 dies
2268 2331 2431 2376 suos
2461 2311 2749 2376 feliciter

649 2414 1162 2497 possidendum,
1217 2420 1287 2476 et
1333 2420 1495 2495 post
1535 2432 1610 2476 se
1660 2413 1881 2477 tribus
1914 2411 2337 2476 haeredibus
2397 2412 2748 2494 qualibus-

650 2534 943 2597 cumque
993 2514 1313 2590 uoluerit,
1367 2513 1927 2596 relinquendum3
1984 2532 2068 2577 ea
2114 2533 2279 2576 uero
2325 2514 2614 2589 ratione,
2670 2521 2747 2577 ut

653 2613 1074 2695 temporibus
1120 2612 1674 2694 supradictorum
1729 2613 2099 2677 haeredum
2159 2613 2528 2676 transactis
2581 2612 2750 2676 haec

651 2713 969 2795 praefata
1009 2720 1220 2790 terra,
1251 2714 1400 2776 sine
1448 2712 1992 2777 contradictione
2044 2713 2609 2796 uniuscuiusque,
2661 2713 2747 2777 ad

652 2812 820 2876 illud
859 2814 1350 2878 monasterium
1382 2814 1569 2895 quod
1602 2812 1994 2878 nominatur
2020 2812 2361 2877 Stretford
2401 2813 2752 2877 reddatur.

657 2913 817 2978 Hoc
848 2919 955 2978 est
976 2922 1231 2991 autem,
1260 2933 1473 2996 supra
1494 2913 1890 2978 nominatus
1924 2914 2291 2995 episcopus
2319 2914 2752 2996 potissimum

649 3014 1131 3079 consentiebat
1187 3014 1506 3096 proxima
1566 3014 1935 3077 afflictione
1989 3020 2059 3076 et
2110 3012 2444 3077 immenso
2489 3014 2750 3078 tributo

654 3115 1124 3189 barbarorum,
1156 3113 1395 3178 eodem
1425 3133 1608 3177 anno
1647 3134 1782 3196 quo
1814 3114 2070 3196 pagani
2110 3113 2435 3176 sederunt
2458 3113 2532 3176 in
2559 3112 2751 3176 Lun-

654 3213 906 3292 donia3
966 3221 1037 3277 et
1082 3213 1238 3277 ideo
1282 3233 1468 3277 nunc
1529 3233 1853 3295 rogamus
1914 3220 1986 3278 et
2031 3213 2471 3277 obsecramus
2524 3214 2755 3277 cuius-

653 3312 823 3377 libet
851 3331 1185 3395 personae
1224 3312 1559 3391 homines,
1610 3320 1690 3377 ut
1737 3313 1907 3377 haec
1954 3320 2195 3378 nostra
2248 3314 2603 3378 consentio
2646 3315 2754 3377 in-

653 3413 920 3477 uiolata
966 3432 1049 3476 ac
1094 3413 1362 3477 stabilis
1406 3421 1759 3496 posterum
1790 3420 2209 3495 perseueret.
2316 3404 2755 3495 Augentibus

656 3521 727 3578 et
771 3514 1209 3578 seruantibus
1260 3513 1392 3578 hoc
1437 3514 1693 3577 donum
1742 3513 1981 3577 diuina
2029 3512 2414 3577 benedictio
2462 3514 2756 3596 amplifi-

655 3622 872 3692 cetur,
948 3613 1413 3678 minuentibus
1479 3633 1562 3677 ac
1636 3613 2090 3697 spoliantibus
2151 3613 2322 3677 ultio
2395 3613 2758 3677 demonica

653 3716 1070 3797 imponetur,
1101 3714 1235 3777 nisi
1261 3713 1495 3795 digna,
1539 3719 1619 3778 ut
1653 3722 1996 3797 optamuS,
2026 3712 2496 3778 satisfactione
2525 3733 2757 3777 coram

654 3815 783 3879 deo
829 3822 900 3879 et
943 3813 1333 3877 hominibus
1379 3814 1864 3879 emendauerit.
1971 3812 2297 3877 Testibus
2345 3820 2579 3877 autem
2624 3813 2756 3877 hiis

654 3913 1243 3978 consentientibus
1277 3933 1567 3995 quorum
1600 3915 1881 3978 nomina
1910 3913 2094 3978 infra
2136 3914 2496 3996 signaculo
2537 3913 2757 3979 almae

655 4013 877 4078 crucis
909 4012 1365 4076 karaxantur.

768 4115 846 4195 »14
889 4113 1042 4195 Ego
1095 4110 1431 4190 Werferb,
1489 4113 1820 4178 mellifluo
1865 4113 2045 4177 dono
2108 4112 2219 4177 dei
2265 4112 2754 4196 omnipotentis

655 4215 1017 4297 largiente,
1067 4212 1430 4295 episcopus
1490 4213 1671 4278 hanc
1723 4213 2162 4279 donationem
2220 4214 2420 4295 'signo
2474 4220 2758 4277 sanctae
