3044 5019
849 455 1195 503 anRrAE
1241 453 1923 521 AucmsAxochn.
2308 441 2437 506 143

331 614 667 676 seruitute
698 610 1031 676 mundiali
1075 621 1146 677 et
1184 612 1402 694 regali
1450 613 1667 676 libera
1716 619 2090 690 remaneat,
2140 622 2435 696 excepta

334 712 773 793 expeditione
806 719 877 775 et
910 713 1087 776 arcis
1121 719 1191 775 et
1222 712 1454 794 pontis
1489 713 2001 777 constructione
2031 732 2048 792 ;
2097 712 2227 776 hac
2258 734 2432 795 quo-

335 831 464 893 que
486 831 705 875 causa
735 811 1068 893 imperaui
1090 812 1302 875 istum
1333 811 1868 875 haereditarium
1889 812 2137 876 librum
2161 814 2435 876 nouiter

331 910 560 987 scribi,
593 911 762 992 quia
793 911 924 974 iste
944 911 1273 993 antiquus
1295 910 1793 974 haereditarius
1815 911 2010 988 liber,
2035 911 2199 976 olim
2216 914 2432 994 scrip-

333 1015 468 1086 1118,
503 1029 645 1073 11011
675 1010 1100 1089 habebatur3
1147 1011 1206 1073 si
1239 1011 1393 1091 quis
1425 1029 1593 1072 uero
1626 1017 1789 1091 post
1820 1010 1950 1073 hac
1968 1011 2164 1074 illum
2196 1010 2432 1074 haere-

330 1108 657 1172 ditarium
688 1109 937 1172 librum
972 1109 1087 1172 uel
1121 1109 1333 1172 alium
1366 1107 1743 1190 quemlibet
1775 1117 2017 1173 contra
2062 1110 2240 1173 hanc
2273 1130 2433 1174 nos-

331 1214 511 1271 tram
578 1207 1041 1272 defensionem
1104 1208 1176 1271 in
1240 1207 1611 1289 propatulo
1669 1207 2061 1284 adduxerit,
2110 1209 2197 1271 ab
2250 1210 2436 1271 omni

334 1306 859 1371 Christianitate
890 1307 1127 1370 irritus
1164 1306 1286 1370 fiat
1320 1314 1391 1370 et
1423 1306 1511 1369 ad
1544 1306 1833 1369 nihilum
1863 1307 2139 1386 ualeat;
2186 1306 2247 1369 si
2277 1308 2434 1388 quis

332 1406 461 1470 1100
516 1413 829 1470 nostrum
880 1406 1231 1470 decretum
1277 1405 1624 1469 custodire
1687 1412 1758 1468 et
1808 1425 2063 1486 augere
2110 1406 2433 1482 uoluerit,

331 1505 680 1586 adaugeat
710 1505 1144 1587 omnipotens
1187 1506 1418 1569 omnia
1466 1506 1849 1587 praesentis
1897 1506 2028 1569 sibi
2059 1512 2130 1569 et
2163 1506 2436 1569 futurae

332 1605 520 1667 uitae
551 1606 756 1667 bona.
861 1604 937 1669 Si
967 1605 1124 1687 quis
1155 1624 1345 1681 uero,
1391 1604 1579 1686 quod
1624 1622 1763 1667 non
1804 1612 2150 1686 optamuS,
2195 1613 2437 1669 contra

331 1711 644 1767 nostrum
688 1703 819 1766 hoc
868 1704 1217 1767 decretum
1262 1702 1664 1779 machinari,
1716 1711 1838 1766 aut
1885 1705 2254 1785 infringere
2307 1702 2435 1766 ali-

331 1802 498 1883 quid
544 1803 868 1878 uoluerit,
923 1805 1100 1867 sciat
1143 1822 1218 1866 se
1263 1803 1572 1885 grauiter
1622 1802 1960 1866 rationem
2011 1802 2436 1866 redditurum

329 1900 403 1962 in
436 1902 545 1964 die
575 1902 814 1965 iudicii
846 1909 1008 1966 ante
1042 1902 1344 1966 tribunal
1379 1901 1660 1976 domini,
1697 1901 1830 1963 nisi
1862 1903 2052 1983 prius
2084 1903 2195 1965 hic
2227 1901 2438 1981 digna

331 2001 800 2064 emendauerit
824 2002 1251 2082 poenitentia
1283 2009 1443 2065 ante
1475 2006 1788 2064 mortem.

1106 2292 1644 2359 cccxxxv,

988 2441 1592 2523 EADWEARD,
1637 2443 1789 2507 903.

441 2594 519 2674 ›1‹
563 2591 977 2655 REGNANTE
1037 2591 1519 2674 inperpetuum
1586 2592 1862 2656 domino
1926 2600 2165 2657 nostro
2220 2592 2431 2657 Ihesu

329 2689 609 2754 Christo
643 2691 839 2755 cuius
869 2698 1043 2754 nutu
1067 2698 1138 2754 et
1167 2691 1452 2773 imperio
1480 2692 1686 2755 simul
1708 2699 1958 2755 cuncta
1979 2698 2213 2755 creata
2245 2702 2430 2770 sunt,

332 2797 404 2853 et
445 2791 748 2853 uisibilia
785 2797 1119 2871 reguntur
1160 2792 1391 2853 omnia
1436 2798 1507 2854 et
1545 2791 1942 2867 inuisibilia,
1976 2792 2095 2873 qui
2138 2792 2210 2854 in
2242 2793 2428 2872 prin-

329 2890 512 2971 cipio
546 2909 789 2952 uerum
839 2890 1022 2971 apud
1062 2889 1265 2952 deum
1310 2896 1577 2970 patrem
1617 2897 1768 2953 erat
1805 2891 2115 2965 uerbum,
2152 2896 2431 2953 nostrae

331 2989 679 3071 particeps
723 2988 1121 3068 fragilitatis
1175 2988 1401 3052 factus
1452 2996 1560 3053 est
1604 3009 1730 3070 pro
1786 2988 2006 3063 nobis»,
2063 2987 2430 3050 oboediens

330 3089 513 3169 patri
546 3107 766 3169 usque
802 3087 889 3151 ad
921 3094 1233 3164 mortem,
1281 3089 1400 3170 qui
1433 3089 1643 3152 etiam
1677 3087 2120 3151 mortalitatis
2154 3093 2431 3151 nostrae

329 3187 840 3268 corruptionem
870 3187 1250 3268 suscipiens
1287 3188 1725 3269 participium
1756 3187 1954 3250 nobis
1998 3193 2429 3250 aeternorum

329 3286 683 3367 pollicitus
740 3292 846 3349 est
887 3286 1386 3367 praemiorum!
1468 3286 1684 3351 Cuius
1742 3306 1872 3368 ope
1915 3292 1986 3349 et
2034 3286 2296 3349 auxilio
2352 3295 2431 3350 ut

330 3385 653 3460 arbitror,
699 3385 927 3465 gratia
986 3385 1095 3448 dei
1146 3385 1552 3466 inspirante,
1619 3406 1750 3467 ego
1802 3385 2145 3449 Eadward
2188 3383 2430 3466 Angul

332 3483 694 3547 Saxonum
757 3503 905 3559 rex,
956 3504 1082 3565 pro
1148 3485 1481 3565 petitione
1549 3491 1760 3565 atque
1814 3484 2243 3565 flagitatione
2296 3485 2430 3548 mei

328 3582 553 3646 fidelis
598 3582 926 3663 principis
971 3583 1244 3646 nomine
1290 3582 1558 3659 Ordlaf,
1605 3583 2127 3647 adcommodaui
2170 3584 2427 3664 magis-

328 3682 626 3745 tratibus
659 3700 1066 3744 consensum
1100 3688 1180 3744 ut
1212 3681 1274 3744 ei
1306 3681 1655 3745 licentiam
1678 3682 2014 3745 dedissem
2050 3682 2241 3764 prius
2271 3703 2427 3765 per-

328 3781 454 3843 diti
486 3800 712 3861 neque
745 3781 918 3843 bene
953 3779 1212 3843 seruati
1242 3780 1396 3843 libri
1429 3781 1538 3843 ius
1573 3781 1916 3863 perhenne
1946 3789 2427 3859 restaurarem,

330 3898 539 3961 quam
572 3880 767 3962 prius
803 3877 1163 3942 AEoeluulf
1186 3879 1544 3944 Saxonum
1575 3900 1700 3943 rex
1734 3900 1861 3944 suo
1894 3880 2078 3943 fideli
2114 3880 2428 3945 ministro

327 3978 601 4041 nomine
654 3977 982 4042 Cenwold
1026 3980 1174 4041 iure
1220 3978 1677 4043 haereditario
1729 3980 2210 4061 possidendam
2266 3999 2428 4042 con-

323 4075 638 4153 donauit,
673 4084 928 4141 terram
969 4079 1208 4159 utique
1245 4094 1380 4141 xx.
1423 4085 1876 4155 cassatorum,
1908 4080 1979 4142 in
2031 4078 2185 4142 1000
2218 4078 2335 4140 ubi
2388 4097 2431 4138 a

326 4178 641 4240 ruricolis
683 4176 981 4240 Stantun
1021 4178 1435 4254 nominatur,
1483 4198 1638 4241 cum
1679 4179 1993 4241 omnibus
2039 4177 2126 4239 ad
2177 4194 2250 4237 se
2299 4175 2429 4237 rite
