3044 5019
626 454 760 520 336
1131 466 1475 515 anR'rAn
1520 465 2198 517 ANGLOSAXONJGAE.

614 625 834 711 pressi
888 626 998 706 »xm
1126 622 1277 702 Ego
1340 620 1621 701 Eadgar
1679 617 1946 682 indoles
2009 617 2174 680 clito
2242 617 2562 680 consensi
2613 619 2720 699 ᾧ.

616 727 771 808 Ego
808 724 962 788 Odo
996 721 1553 802 archiepiscopus
1583 719 2028 782 corroboraui
2071 718 2182 798 ᾧ.
2275 717 2430 798 Ego
2462 717 2725 781 Oscitel

616 827 981 909 episcopus
1031 821 1434 885 confirmaui
1471 821 1583 901 »1«.
1675 818 1829 898 Ego
1867 816 2161 896 AElfheg
2201 818 2573 899 episcopus
2607 816 2725 878 ad-

617 925 850 1007 quieui
908 923 1020 1003 »Im
1146 921 1299 1001 Ego
1364 966 1608 982 .....
1671 918 2038 998 episcopus
2101 914 2246 978 faui
2315 917 2426 997 ᾧ.
2574 916 2722 996 Ego

619 1023 957 1088 Brithelm
988 1021 1354 1103 episcopus
1385 1018 1648 1081 dictaui
1680 1020 1791 1099 ᾧ.
1884 1015 2038 1098 Ego
2073 1015 2326 1077 Daniel
2359 1016 2722 1097 episcopus

616 1123 992 1204 subscripsi
1031 1123 1142 1203 ᾧ.
1253 1118 1529 1198 AElfgar
1579 1118 1725 1181 dux
1763 1117 1877 1197 ᾧ.
2007 1114 2366 1178 ΔΞὸθΙεῐειῃ
2433 1114 2580 1177 dux
2614 1117 2721 1196 ᾧ.

617 1224 910 1289 Ealhere
945 1223 1088 1285 dux
1129 1222 1237 1302 ᾧ.
1331 1216 1698 1281 Eadmund
1732 1217 1877 1279 dux
1920 1217 2033 1297 ᾧ,
2066 1223 2201 1280 etc.

1460 1491 1878 1559 CCCCLX.

1324 1652 1366 1692 ι·
1405 1624 1844 1728 ΕᾸΒΨΙα,
1889 1649 2043 1714 956.

731 1804 809 1884 »1⁴
848 1799 1098 1866 ALTUs
1158 1800 1425 1882 positor
1475 1802 1781 1865 omnium
1845 1821 1935 1864 ex
1993 1800 2209 1864 nihilo
2274 1821 2501 1865 rerum
2569 1810 2725 1867 ante

622 1923 822 1966 omne
856 1910 1131 1983 tempus
1166 1901 1453 1982 angelos
1493 1901 1821 1977 condidit,
1858 1909 1928 1965 et
1972 1899 2334 1964 informem
2368 1903 2725 1965 materiam

621 2021 829 2084 quam
880 2001 1108 2063 Adam
1154 2000 1676 2083 prothoplastus
1739 2001 1810 2062 in
1861 1999 2057 2063 Eden
2108 2001 2331 2082 primo
2389 2000 2725 2065 formatus

624 2101 969 2184 apparuit.
1063 2099 1199 2162 Sed
1240 2100 1446 2182 culpa
1487 2101 1657 2164 inibi
1694 2107 1923 2176 nacta,
1965 2100 2304 2183 extimplo
2341 2100 2612 2182 pulsuS,
2654 2103 2724 2165 in

621 2200 752 2264 hac
805 2218 1221 2281 erumpnosa
1266 2206 1454 2263 terra
1515 2207 1807 2264 mortem
1868 2200 2202 2263 minatam
2266 2200 2474 2264 tulit:
2551 2221 2727 2282 quae

626 2300 851 2365 adhuc
892 2300 965 2363 in
1012 2300 1157 2363 suis
1202 2301 1498 2381 posteris
1551 2320 1706 2364 cum
1736 2300 1971 2363 labore
2006 2304 2077 2362 et
2108 2299 2344 2363 dolore
2385 2319 2608 2382 usque
2640 2300 2725 2364 ad

627 2401 886 2465 calcem
919 2400 1130 2477 uitae,
1166 2398 1339 2481 proh
1385 2397 1605 2476 dolor,
1631 2399 2050 2463 ineuitabilis
2072 2398 2335 2463 haeret.
2417 2399 2510 2464 Et
2544 2399 2726 2482 quod

626 2501 847 2584 peiuS‚
882 2499 1121 2563 eadem
1154 2519 1429 2582 quoque
1457 2500 1658 2584 quasi
1691 2519 1816 2582 per
1843 2498 2148 2586 debitum
2183 2498 2270 2562 ad
2303 2499 2724 2582 operandum

625 2620 716 2664 ex
749 2607 912 2663 tunc
944 2598 1353 2663 naturaliter
1383 2619 1681 2683 nequam
1704 2619 1940 2663 omnes
1969 2599 2118 2663 iure
2140 2599 2724 2664 constrinxerunt.

628 2698 728 2763 At
763 2699 881 2762 ubi
916 2699 1109 2762 uenit
1148 2698 1504 2780 plenitudo
1555 2700 1908 2782 temporiS,
1956 2718 2112 2762 cum
2161 2718 2287 2762 nec
2336 2697 2553 2762 leuita
2600 2719 2726 2762 nec

626 2798 950 2864 sacerdos
1015 2798 1382 2861 subuenire
1431 2797 1845 2875 sufficerent,
1909 2797 2387 2861 Samaritanus
2447 2798 2725 2862 tandem

626 2899 970 2975 semiuiui,
993 2898 1064 2961 id
1091 2905 1198 2961 est
1229 2898 1501 2979 generis
1524 2898 1830 2975 humani,
1854 2917 1983 2961 sua
2005 2898 2233 2980 gratia
2266 2897 2593 2979 dignatus
2624 2904 2730 2962 est

626 2998 955 3062 misereri.
1049 2996 1237 3061 Nam
1292 2997 1633 3061 Leuiatan
1669 2998 1917 3061 saltem
1961 2998 2185 3061 adhuc
2220 2996 2577 3082 Jordanen
2606 3017 2727 3060 ex·-

624 3107 911 3181 pectans
961 3116 1198 3160 omnes
1249 3105 1415 3161 tunc
1456 3117 1576 3161 ore
1622 3103 1863 3179 aperto
1890 3098 2208 3161 uorabat.
2311 3095 2473 3160 Hoc
2517 3098 2732 3178 igitur

624 3196 753 3260 soli
826 3196 1209 3277 sapientiae
1265 3195 1477 3260 dediti
1552 3204 1622 3260 et
1683 3197 1984 3260 maxime
2041 3195 2541 3277 religiosissimi
2599 3197 2730 3260 uiri

627 3314 990 3376 sumopere
1044 3294 1534 3377 intelligenteS,
1582 3316 1876 3360 amoena
1927 3295 2231 3378 paradisi
2279 3295 2553 3378 perdita
2608 3316 2727 3377 ge-

627 3402 848 3472 munt,
894 3393 1191 3476 suspiria
1234 3395 1542 3473 trahunt,
1577 3396 1870 3472 ululant,
1903 3395 2244 3477 plangunt
2287 3403 2487 3477 turpe
2523 3396 2724 3459 mise-

625 3481 915 3578 rumque
961 3495 1196 3558 uiuere
1251 3514 1495 3574 suum3
1562 3503 1633 3560 et
1679 3495 2252 3577 quemadmodum
2313 3501 2562 3558 ceruus
2607 3494 2723 3558 de-

624 3595 882 3658 siderat
919 3594 1006 3656 ad
1040 3594 1267 3658 fontes
1300 3614 1662 3678 aquarum,
1709 3596 1810 3659 ita
1856 3595 2168 3658 ambiunt
2208 3613 2492 3676 corpore
2526 3594 2724 3671 solui,

627 3713 756 3757 sua
813 3694 1052 3774 largiri
1106 3693 1460 3771 festinant,
1508 3694 1883 3758 inuisibilia
1938 3695 2145 3757 immo
2203 3700 2393 3757 certa
2449 3711 2723 3775 compa-

624 3793 882 3872 rando;
932 3799 1006 3857 at
1029 3802 1273 3858 contra
1306 3794 1564 3871 stolidi,
1589 3793 1784 3858 stulti
1817 3794 2044 3857 aliena
2076 3793 2412 3869 ambiunt,
2436 3794 2507 3855 in
2535 3793 2725 3855 inue-

625 3892 874 3956 niendo
941 3891 1127 3955 mille
1175 3901 1361 3957 artes
1420 3885 1771 3969 exercent,
1842 3894 2290 3970 mentiuntur,
2347 3891 2722 3975 periurant,

624 3994 928 4075 rapiunt,
978 3991 1321 4056 furantur.
1428 3991 1876 4074 Quapropter
1904 4011 2035 4074 ego
2079 3990 2370 4072 Eadwig
2405 3990 2726 4072 largiflua

623 4092 872 4157 summi
936 4092 1247 4154 tonantis
1302 4111 1426 4154 rex
1472 4089 1862 4172 Anglorum
1920 4099 1989 4155 et
2051 4091 2266 4155 totius
2323 4091 2724 4156 Britanniae

624 4190 1136 4272 prouinciarum
1176 4190 1633 4271 prouidentia,
1674 4190 1934 4273 templa
1978 4191 2215 4254 diuina
2264 4190 2727 4272 redintegrare
