3044 5019
887 422 1234 474 CHARTAE
1286 424 1968 475 ANGLoSAonchE.
2348 415 2479 481 257

360 579 519 667 dam
555 581 737 645 ruris
769 590 1038 665 partem
1075 580 1160 648 de
1194 585 1392 649 terris
1424 586 1868 668 episcopatus
1902 585 2035 662 sui,
2070 604 2278 667 quam
2320 586 2470 668 ipse

354 680 584 758 modo,
637 689 709 745 et
760 684 952 765 prius
993 684 1101 747 sui
1158 693 1630 749 antecessores
1684 686 2063 768 pontificali
2106 687 2254 750 iure
2306 707 2469 769 pos-

353 781 707 861 siderunt3
772 802 904 864 ego
962 792 1194 847 autem
1228 773 1591 867 'largiente
1641 785 1750 847 dei
1808 786 2059 867 gratia,
2111 787 2464 866 regiminis

351 881 634 944 numine
674 889 857 959 utor,
900 883 987 946 ad
1032 884 1518 966 possidendam
1568 885 2063 949 haereditatem
2111 886 2246 967 ipsi
2298 907 2462 950 con-

352 980 546 1057 cedo,
596 982 894 1064 stiloque
938 983 1270 1064 perhenni
1322 985 1522 1049 trado
1562 1005 1688 1049 sex
1743 1003 2020 1048 mansas
2068 986 2139 1047 in
2193 985 2461 1049 duobus

354 1080 550 1157 lociS‚
597 1089 898 1163 quatuor
939 1103 1216 1147 mansas
1264 1085 1352 1148 ad
1388 1083 1910 1162 Brakelesham,
1947 1092 2017 1148 et
2059 1085 2232 1147 duas
2262 1106 2458 1149 man-

350 1200 466 1243 sas
514 1188 584 1244 et
615 1181 953 1246 Earnele:
1010 1184 1134 1246 tali
1183 1190 1416 1247 autem
1463 1184 1701 1248 tenore
1748 1185 1878 1248 hoc
1919 1185 2272 1265 praefatae
2305 1206 2457 1248 mu-

350 1280 742 1345 nificentiae
781 1302 1030 1345 munus
1085 1283 1421 1348 tradendo
1476 1284 1809 1361 concessi,
1857 1291 1935 1348 ut
1984 1283 2339 1366 possideat
2388 1294 2458 1349 et

347 1380 637 1443 firmiter
667 1389 924 1458 teneat,
953 1402 1174 1465 usque
1209 1382 1297 1445 ad
1343 1383 1662 1447 ultimum
1698 1403 1974 1447 cursum
2021 1384 2210 1447 uitae
2262 1404 2453 1461 suae,

344 1499 503 1542 cum
539 1481 856 1544 omnibus
887 1483 1321 1558 utensilibuS,
1354 1502 1534 1565 quae
1562 1483 1742 1547 infra
1788 1484 2114 1547 terminos
2148 1484 2452 1547 eiusdem

345 1580 516 1642 iuris
568 1581 1031 1658 continentur,
1066 1576 1209 1645 tam
1258 1582 1330 1644 in
1375 1583 1559 1646 notis
1606 1583 1857 1659 causis,
1907 1602 2115 1665 quam
2169 1583 2449 1664 ignotiS,

340 1681 414 1743 in
469 1680 758 1744 modicis
804 1688 874 1745 et
917 1682 990 1745 in
1055 1682 1351 1763 magniS‚
1405 1690 1592 1746 terra
1642 1691 1711 1745 et
1777 1684 1974 1758 mari,
2038 1683 2315 1746 humido
2381 1693 2450 1748 et

342 1781 554 1857 sicco,
607 1782 893 1864 campiS‚
953 1781 1173 1858 siluis,
1229 1782 1474 1863 pratis,
1531 1783 1947 1865 pascuisque
2009 1782 2273 1845 donans
2327 1784 2448 1847 do-

337 1881 524 1943 nabo
565 1880 996 1959 libertatem;
1045 1888 1114 1945 et
1166 1888 1535 1964 postquam
1577 1882 1857 1945 humani
1903 1880 2173 1962 generis
2231 1881 2448 1963 fragi-

338 1979 613 2043 litatem
674 1980 1075 2057 deseruerit,
1140 1988 1211 2044 et
1273 1982 1360 2043 ad
1421 1982 1943 2045 desiderabilem
1995 1980 2445 2046 iucunditatis

337 2079 552 2156 uiam,
610 2100 733 2162 per
785 2082 1050 2162 gratias
1119 2081 1398 2164 superni
1449 2081 1695 2149 iudicis
1749 2082 2018 2157 adierit,
2073 2082 2442 2145 succeden-

333 2179 511 2242 tium
552 2179 683 2242 sibi
728 2181 1135 2263 cuicumque
1185 2181 1463 2244 libuerit
1502 2182 1944 2245 aeternaliter
1987 2181 2443 2264 derelinquat,

334 2298 463 2342 ceu
505 2281 821 2361 superius
874 2281 1308 2362 praenotaui.
1413 2280 1520 2344 Sit
1566 2289 1797 2345 autem
1842 2281 2269 2363 praedictum
2322 2302 2440 2344 rus

331 2379 625 2442 liberum
666 2381 753 2442 ab
789 2379 973 2444 omni
1013 2380 1231 2443 fiscali
1276 2381 1537 2445 tributo
1593 2380 2187 2461 saeculariumque
2220 2383 2438 2443 serui-

329 2486 559 2544 tutum
613 2527 975 2545 ......
1024 2481 1173 2544 sine
1237 2481 1675 2563 expeditione
1739 2487 1815 2544 et
1879 2480 2109 2563 pontis
2167 2480 2435 2545 arcisue

328 2581 808 2644 instructione.
916 2580 1279 2662 Praecipio
1309 2601 1586 2663 quoque
1633 2582 1703 2644 in
1744 2582 2017 2645 nomine
2049 2580 2156 2644 dei
2186 2583 2434 2645 summi

304 2685 472 2743 'tam
505 2682 704 2744 uobis
756 2680 1177 2756 uiuentibus,
1214 2700 1424 2761 quam
1454 2688 1524 2744 et
1556 2680 1793 2744 diuina
1827 2689 2199 2762 praecepta
2232 2701 2433 2764 prae-

325 2780 744 2857 dicantibus,
805 2780 1010 2843 huius
1061 2781 1402 2844 libertatis
1449 2788 1716 2844 statuta
1767 2781 1851 2843 ad
1899 2781 2168 2843 irritum
2218 2781 2432 2843 dedu-

321 2899 480 2942 cere
510 2880 789 2943 minime
821 2881 1164 2962 quispiam
1204 2887 1623 2961 praesumat.
1731 2879 2066 2961 Quisquis
2095 2880 2434 2943 beneuola

322 2987 554 3043 mente
589 2999 812 3042 meam
861 2980 1300 3043 donationem
1341 2980 1760 3061 amplificare
1805 2978 2142 3059 satagerit
2187 2978 2257 3040 in
2304 2979 2431 3041 hoc

321 3079 675 3162 praesenti
734 3080 1035 3156 saecu10‚
1089 3081 1239 3143 uita
1288 3079 1473 3142 illius
1520 3098 1851 3161 prospera
1899 3078 2234 3141 foeliciter
2278 3078 2428 3141 lon-

321 3179 636 3260 gitudine
672 3180 860 3242 uitae
896 3179 1153 3261 gaudia
1191 3186 1447 3242 teneat.
1554 3179 1628 3242 Si
1665 3179 1822 3260 quis
1870 3185 2101 3241 autem
2150 3179 2431 3260 propria

321 3279 709 3342 temeritate
761 3279 1100 3342 uiolenter
1151 3278 1478 3342 inuadere
1529 3278 2092 3360 praesumpserit,
2137 3279 2315 3342 sciat
2354 3300 2428 3343 se

318 3377 774 3460 proculdubio
811 3385 973 3441 ante
1019 3378 1320 3441 tribunal
1355 3378 1651 3441 districti
1707 3379 1975 3453 iudiciS,
2013 3378 2427 3442 titubantem

318 3478 982 3560 tremebundumque
1022 3479 1358 3541 rationem
1404 3478 1854 3553 redditurum,
1905 3478 2036 3539 nisi
2075 3476 2267 3558 prius
2311 3498 2426 3541 sa-

319 3578 718 3642 tisfactione
764 3578 1125 3641 emendare
1177 3577 1521 3641 maluerit.
1627 3575 1813 3641 Acta
1857 3583 1965 3639 est
2007 3576 2176 3639 haec
2225 3597 2424 3659 prae-

319 3678 470 3741 fata
499 3677 783 3741 donatio
819 3697 1001 3741 anno
1039 3679 1127 3740 ab
1163 3678 1637 3740 incarnatione
1670 3675 1925 3740 domini
1960 3677 2177 3739 nostri
2214 3676 2425 3740 Ihesu
2471 3687 2474 3690 ’

319 3776 582 3841 Christi
616 3793 970 3841 DccchV.
1007 3778 1380 3841 indictione
1407 3778 1638 3840 tertia.

421 3877 579 3960 Ego
636 3877 1085 3941 Eadmundus
1138 3897 1264 3941 rex
1317 3874 1725 3957 Anglorum,
1773 3874 2157 3958 praefatam
2207 3877 2421 3939 dona-

317 3976 575 4041 tionem
606 3997 762 4042 cum
801 3978 1318 4059 signosanctae
1352 3977 1575 4039 crucis
1612 3976 2015 4039 confirmaui
2053 3977 2164 4055 »1«.
2271 3976 2425 4056 Ego

321 4073 592 4140 Eadred
663 4077 968 4140 eiusdem
1046 4076 1228 4158 regis
1298 4074 1515 4139 frater
1582 4075 1989 4156 consignaui
2026 4077 2140 4155 ἧς,
2271 4075 2425 4155 Ego

317 4175 625 4257 Eadgifu
662 4177 964 4241 eiusdem
1011 4178 1194 4257 regis
1241 4182 1462 4238 mater
1506 4176 1933 4262 praedictum
1973 4173 2229 4241 donum
2261 4193 2424 4237 con-

413 4292 580 4338 TOM.
614 4294 687 4339 11.
2084 4291 2119 4335 s
