3044 5019
591 417 725 482 232
1106 433 1451 481 anerss
1496 426 2180 480 ANcLosAxochE.

593 588 971 672 glacierum
1032 587 1311 653 flatibus
1375 595 1446 651 et
1501 588 1806 669 pennino
1870 589 2182 653 exercitu
2242 587 2709 670 malignorum

595 690 985 772 spirituum,
1019 689 1151 752 nisi
1196 689 1388 770 prius
1428 688 1704 769 irriguis
1746 689 2212 769 poenitentiae
2238 690 2611 771 gemitibus
2643 699 2712 753 et

594 809 772 873 pura
800 788 1280 852 emendatione
1312 787 1804 852 emendauerit.
1908 785 2096 852 Acta
2138 796 2245 853 est
2289 788 2461 851 haec
2506 809 2709 871 prae-

594 888 744 953 fata
777 889 1058 952 donatio
1103 907 1284 951 anno
1318 889 1404 950 ab
1432 888 1905 951 incarnatione
1938 888 2196 952 domini
2240 891 2462 953 nostri
2492 889 2710 954 Ihesu

602 989 864 1053 Christi
895 1003 1278 1052 Dccccxm.
1309 986 1684 1050 indictione
1719 1003 1914 1051 X1111.

696 1089 849 1171 Ego
897 1086 1345 1152 Eadmundus
1390 1106 1514 1149 rex
1550 1085 1939 1168 Anglorum
1969 1085 2353 1170 praefatam
2385 1088 2709 1155 donatio-

598 1208 753 1252 nem
793 1209 950 1253 cum
1000 1188 1230 1269 sigillo
1279 1194 1564 1250 sanctae
1602 1189 1681 1267 >1⁴
1725 1186 2149 1250 confirmaui.
2254 1187 2408 1269 Ego
2442 1188 2707 1253 Eadre-

592 1289 721 1352 dus
750 1289 1055 1352 eiusdem
1089 1288 1273 1368 regis
1301 1277 1518 1348 frater
1549 1285 1958 1367 consignaui
1998 1286 2109 1368 »1«.
2192 1287 2346 1367 Ego
2366 1288 2525 1351 AElf
2527 1290 2709 1354 heah

591 1388 1096 1452 Wintoniensis
1154 1386 1528 1450 aecclesiae
1589 1386 1955 1468 episcopus
2021 1386 2505 1468 triumphalem
2560 1397 2708 1454 tro-

591 1487 891 1570 phaeum
924 1489 1123 1569 agiae
1157 1486 1379 1550 crucis
1411 1486 1727 1567 impressi
1771 1486 1880 1568 »1«.
1989 1486 2143 1567 Ego
2179 1485 2509 1551 Cenwald
2556 1492 2706 1572 epi-

593 1608 846 1671 scopus
878 1586 1233 1670 praedicto
1265 1585 1446 1649 dono
1479 1586 1796 1649 consensi
1834 1588 1946 1666 ἧς.
2053 1586 2207 1667 Ego
2244 1586 2400 1651 Oda
2434 1589 2706 1672 episco-

581 1706 723 1770 pus
783 1687 1190 1769 consignaui
1254 1688 1366 1766 »1«.
1500 1685 1655 1766 Ego
1717 1685 1963 1748 AElfric
2029 1686 2393 1768 episcopus
2451 1690 2705 1753 confir-

593 1790 782 1851 maui
818 1791 927 1870 »1«.
1036 1786 1188 1868 Ego
1219 1785 1547 1870 AEpelgar
1586 1776 1949 1867 episcopus
1978 1787 2296 1850 consensi
2333 1790 2442 1869 »1«.
2549 1788 2707 1870 Ego

598 1888 989 1952 Wulfhelm
1035 1887 1397 1969 episcopus
1460 1885 1785 1949 roboraui
1820 1887 1930 1966 »1«.
2035 1885 2363 1967 Wulfgar
2397 1887 2542 1951 dux
2591 1890 2700 1972 »1«.

597 1987 978 2072 AEpelwold
1044 1986 1187 2049 dux
1242 1989 1354 2067 ἧς.
1475 1985 1834 2069 AEpelstan
1895 1986 2040 2048 dux
2097 1986 2207 2068 »1«.
2335 1987 2700 2052 Ealhhelm

592 2087 737 2149 dux
778 2089 887 2168 »1«.
968 2086 1169 2150 Odda
1195 2086 1509 2149 minister
1539 2087 1649 2166 »1«.
1714 2085 1962 2149 AElfric
1995 2086 2307 2149 minister
2342 2089 2446 2168 »1«.
2499 2088 2702 2153 Wul-

589 2185 700 2249 laf
764 2186 1075 2249 minister
1129 2188 1240 2267 »1«.
1362 2185 1726 2248 Eadmund
1789 2186 2104 2249 minister
2158 2186 2268 2268 »1«.
2373 2186 2703 2271 Wihtgar

587 2286 899 2351 minister
927 2287 1033 2369 »1«.
1105 2285 1373 2349 AElfred
1404 2285 1716 2349 minister
1748 2286 1824 2365 ›1‹
1844 2333 1885 2349 ..
1915 2285 2213 2349 Wulfric
2244 2286 2557 2351 minister
2587 2292 2697 2370 »1«.

589 2386 917 2469 Wulsgar
945 2386 1257 2449 minister
1301 2387 1410 2466 »1«.
1485 2385 1783 2466 AElfsige
1824 2386 2137 2449 minister
2179 2388 2288 2467 »1«.
2352 2371 2698 2452 ⁴Ordheah

585 2486 899 2551 minister
928 2489 1033 2569 ἧς.
1105 2485 1357 2549 Eadric
1390 2484 1701 2550 minister
1729 2488 1840 2567 ιιι.
1907 2484 2204 2567 AElfsige
2235 2486 2552 2553 minister
2583 2491 2691 2571 »1«.

591 2587 879 2671 AEpered
912 2585 1226 2652 minister
1244 2587 1321 2669 ›1‹
1341 2634 1355 2650 .
1461 2585 1851 2649 Wulfhelm
1882 2587 2194 2650 minister
2216 2587 2327 2669 »1«.

1325 2984 1988 3052 CCCLXXXIX.

1272 3104 1810 3213 EADMUND,
1855 3136 2009 3200 941.

703 3287 779 3366 ›1‹
812 3284 1137 3348 BEAN'rls
1184 3285 1662 3371 uniuersorum
1711 3303 1883 3347 uoce
1926 3302 2284 3348 monemur
2316 3284 2700 3365 praeclara,

585 3403 1031 3466 procuremus
1055 3385 1503 3462 incessanter,
1522 3385 1671 3447 sine
1700 3383 2155 3447 amaritudine
2187 3384 2460 3459 mentiS,
2488 3384 2695 3448 huius

584 3484 841 3547 saeculi
886 3485 1281 3561 ambitione,
1312 3484 1586 3565 integra
1622 3484 1963 3560 libertate,
2012 3484 2268 3565 apertis
2310 3484 2538 3546 ianuis
2586 3486 2694 3547 in·

584 3591 771 3647 trare
824 3584 911 3647 ad
961 3605 1117 3648 eum
1162 3584 1283 3665 qui
1331 3603 1457 3648 suo
1508 3602 1746 3648 cruore
1805 3583 2067 3646 scelera
2118 3591 2359 3647 nostra
2407 3582 2696 3648 detersit

583 3684 879 3748 iniusta:
939 3684 1102 3748 licet
1144 3684 1345 3765 primi
1398 3682 1861 3766 prothoplasti
1901 3683 2203 3747 facinore
2249 3683 2515 3746 uiolata
2562 3685 2690 3746 im-

582 3784 818 3865 probis
873 3784 1423 3847 successionibus
1472 3783 1955 3846 deterioranda
2009 3784 2166 3847 istic
2228 3783 2313 3845 de
2369 3784 2692 3861 gentibus

581 3882 1014 3959 uilescerent,
1041 3891 1275 3947 tamen
1310 3883 1626 3946 omnibus
1662 3901 1960 3965 namque
1991 3883 2418 3964 sapientibus
2449 3891 2692 3946 notum

583 4001 666 4046 ac
712 3982 1152 4046 manifestum
1197 3989 1496 4058 constat,
1549 3982 1730 4064 quod
1788 3983 1975 4046 dicta
2017 3982 2251 4045 futura
2303 3982 2418 4045 uel
2479 3982 2690 4059 facta„

581 4102 707 4164 pro
767 4081 1131 4164 multiplici
1193 4100 1722 4164 aerumpnamm
1787 4082 2306 4164 perturbatione
2371 4088 2442 4145 et
2500 4084 2690 4163 cogi-

582 4183 922 4245 tationum
1001 4181 1398 4262 uagatione‚
1462 4182 1859 4264 frequenter
1926 4203 2017 4246 ex
2093 4181 2425 4246 memoria
2499 4203 2690 4247 rece·
