3044 5019
810 429 1154 478 ann'rAn
1199 429 1882 479 AucmsAxochs.
2296 414 2384 479 19

286 589 643 671 episcopus
693 590 1029 654 consensi.
1134 589 1215 670 ᾧ
1244 589 1400 671 Ego
1431 588 1713 655 wullaf
1753 589 1900 654 dux
1942 589 2259 653 consensi
2307 599 2378 654 et

285 689 573 770 signaui.
700 692 776 772 ›1‹
805 689 958 772 Ego
1041 689 1355 754 Eanuulf
1413 689 1561 753 dux
1628 690 1966 754 consensi.
2092 692 2171 772 ›1‹
2222 689 2376 771 Ego

285 783 696 853 Wluuabrd¹
760 791 905 854 dux
964 791 1303 854 consensi.
1422 792 1501 872 ›1‹
1537 790 1690 872 Ego
1755 788 2170 854 Aetheluulf
2228 790 2373 854 ‹lux

285 890 588 953 consensi
659 898 731 955 et
790 891 1089 973 signaui.
1195 892 1274 972 ›1‹
1310 890 1463 971 Ego
1529 889 1924 955 Hereberht
1984 890 2131 953 ‹lux
2207 909 2372 954 con-

281 990 476 1053 sensi.
591 992 672 1073 ›1‹
706 991 860 1073 Ego
893 991 1185 1055 Ealstan
1215 990 1363 1054 dux
1393 991 1712 1055 consensi
1743 997 1816 1053 et
1843 991 2142 1074 sig-naui.

1174 1220 1499 1287 CCLVI.

872 1343 1578 1425 AETHELUULF,
1623 1347 1776 1413 844.

762 1461 1091 1544 Reciting
1119 1462 1237 1528 the
1266 1462 1502 1546 Synod
1535 1463 1617 1526 of
1636 1461 1880 1527 Aclea.

385 1588 458 1668 ›1‹
487 1585 578 1650 IN
606 1586 886 1650 nomine
913 1586 1025 1650 dei
1057 1585 1305 1650 summi
1329 1586 1513 1667 regis
1551 1588 1851 1653 aeterni!
1959 1586 2376 1670 Plerumque

285 1687 517 1750 etenim
541 1687 946 1768 contingere
975 1686 1154 1750 solet
1181 1693 1261 1751 ut
1282 1705 1392 1750 res
1412 1706 1770 1768 possessae
1788 1687 2234 1753 haereditatis
2257 1707 2372 1752 ac·

285 1786 560 1867 quisitae
584 1786 660 1850 in
689 1786 1202 1851 contentionem
1231 1786 1579 1869 plerisque
1608 1794 1680 1853 et
1708 1788 2179 1852 altercationis
2208 1807 2374 1851 con-

285 1884 529 1950 flictum
557 1886 964 1964 deueniunt‚
988 1887 1123 1950 nisi
1150 1904 1306 1950 cum
1334 1886 1601 1952 idoneis
1621 1889 1916 1953 testibus
1935 1896 2005 1951 et
2026 1888 2372 1970 subscrip·

283 1984 568 2050 tionibus
596 1987 1018 2070 sapientium
1045 1995 1116 2051 et
1142 1986 1443 2051 fidelium
1480 2006 1929 2070 personarum
1959 1988 2371 2052 testimoniis

290 2092 571 2152 tractata
615 2094 687 2153 et
734 2087 1139 2151 confirmata
1166 2086 1445 2151 fuerint.
1551 2086 1995 2171 Quapropter
2023 2088 2372 2171 sapientes

286 2185 607 2251 salubrem
655 2186 1021 2252 consilium
1064 2187 1502 2269 prudentium
1533 2195 1899 2269 quaerunt,
1945 2195 2016 2254 et
2042 2208 2369 2271 cyrogra-

287 2285 556 2367 phorum
588 2285 1028 2352 cautionibus
1058 2294 1130 2350 et
1158 2286 1585 2352 heroicorum
1623 2288 1928 2352 uirorum
1960 2288 2371 2353 testimoniis

287 2387 787 2463 confirmantur,
817 2405 904 2450 ne
946 2387 1396 2468 imposterum
1425 2386 1772 2471 aliquibus
1805 2387 2370 2454 altercationibus

288 2487 390 2551 uel
429 2489 755 2573 scrupulo
783 2486 940 2552 falsi
964 2485 1369 2572 suspitionis
1412 2497 1942 2573 corrumpuntur
1971 2494 2094 2554 aut
2119 2489 2370 2555 nebulo

285 2585 706 2668 ignorantiae
736 2588 810 2652 in
839 2587 1073 2670 aliquo
1098 2588 1428 2653 fuscetur.
1515 2589 1786 2656 Idcirco
1836 2589 2089 2656 etenim
2116 2588 2382 2654 Osuulf

289 2685 385 2750 dei
441 2690 666 2771 gratia
727 2688 868 2752 dux
932 2696 1143 2771 atque
1190 2687 1508 2772 princeps
1549 2690 1944 2772 prouinciae
1991 2688 2368 2754 Orientalis

289 2783 562 2854 Cantiae
606 2790 803 2855 circa
844 2807 1012 2853 suae
1046 2787 1365 2872 propriae
1405 2789 1847 2855 haereditatis
1882 2790 2036 2854 iura
2068 2796 2369 2855 tractare

286 2888 553 2954 studuit.
657 2889 756 2955 Et
783 2888 914 2954 hoc
942 2883 1173 2953 coram
1207 2891 1452 2954 beatae
1480 2889 1846 2953 memoriae
1876 2888 2213 2953 Uulfredo
2254 2908 2369 2952 ar-

284 2984 703 3074 chiepiscopo
750 3008 1120 3071 coramque
1161 2989 1431 3054 abbatis
1462 2987 1872 3054 Uuernotho
1918 2996 2128 3070 atque
2165 2988 2371 3053 Feol-

288 3088 472 3166 geldo
522 3089 955 3173 caeterisque
1002 3088 1414 3154 fidelissimis
1469 3097 1542 3154 et
1588 3087 2120 3171 religiosissimis
2166 3087 2370 3153 Ceol·

290 3193 497 3267 stano,
546 3191 658 3254 uiz
685 3210 705 3270 3
756 3188 1196 3255 Aethelhuno
1241 3197 1452 3272 atque
1505 3189 1904 3256 Heremodo
1949 3190 2370 3273 presbyteris

290 3289 641 3354 aecclesiae
675 3289 961 3367 Christi,
991 3309 1260 3362 necnon
1319 3309 1527 3374 saepe
1577 3309 1808 3357 coram
1856 3290 2061 3354 sociis
2107 3289 2251 3354 suis
2297 3298 2368 3354 et

289 3387 508 3452 amicis
535 3390 908 3467 fidissimis,
940 3390 1238 3472 qualiter
1265 3398 1425 3473 post
1445 3390 1930 3455 discessionem
1957 3408 2153 3454 suam
2184 3389 2369 3456 circa

289 3483 768 3556 haereditatem
801 3508 997 3553 suam
1039 3490 1485 3573 imposterum
1526 3510 1734 3572 agere
1777 3489 2108 3566 uoluisse,
2136 3489 2206 3554 id
2236 3496 2368 3566 est,

291 3593 360 3649 ut
401 3598 555 3671 post
597 3591 748 3655 dies
796 3590 1035 3654 uxoris
1078 3609 1247 3654 suae
1297 3598 1369 3654 et
1415 3590 1540 3654 filii
1587 3590 1734 3654 eius
1787 3589 2143 3653 Earduulfi
2187 3589 2370 3654 filiae

288 3703 545 3771 quoque
563 3708 735 3754 suae
771 3689 1277 3773 Ealfthrythae‚
1309 3690 1395 3754 ad
1425 3689 1777 3754 aecclesiis
1805 3689 1917 3753 dei
1946 3690 2179 3753 omnia
2204 3690 2371 3754 dare

290 3783 405 3851 deo
426 3798 493 3855 et
511 3790 775 3855 sanctis
791 3790 940 3853 eius
962 3790 1091 3854 sibi
1119 3792 1191 3853 in
1221 3792 1706 3873 sempiternam
1729 3789 2224 3856 haereditatem
2241 3791 2372 3854 sub

292 3902 509 3952 eorum
540 3889 941 3954 testimonia
972 3890 1139 3953 dare
1164 3891 1537 3972 praecepit,
1570 3910 1613 3953 a
1642 3889 1823 3953 sicut
1851 3890 1925 3952 in
1953 3890 2175 3954 altera
2205 3888 2369 3953 kar·

293 3986 429 4050 tula
444 3989 806 4054 manifeste
833 3996 905 4053 et
931 3989 1155 4053 lucide
1185 3992 1693 4072 comprobatur.
1726 4050 1731 4055 .
1788 3989 1923 4053 Sed
1947 3997 2181 4054 tamen
2210 3996 2372 4070 post

293 4085 534 4152 obitum
581 4089 854 4155 Osuulfi
905 4089 1099 4153 ducis
1150 4089 1453 4154 surrexit
1508 4091 1816 4155 excitata
1866 4109 1909 4152 a
1958 4087 2369 4172 quibusdam

294 4189 588 4264 quaestio
611 4198 682 4255 et
711 4181 1065 4254 contentio
1089 4210 1343 4272 magno
1366 4191 1550 4256 circa
1575 4190 2069 4255 haereditatem
2100 4181 2372 4250 Osuulfi

2001 4310 2031 4344 c
2063 4299 2095 4344 2

1190 4368 1203 4396 ¹
1230 4371 1313 4420 Sic
1338 4369 1452 4419 MS.
