3044 5019
618 425 750 489 418
1133 441 1475 489 CHARTAB
1520 440 1661 488 Ano
1673 440 2198 488 nosAxochss.

619 598 1153 682 chirographum
1184 619 1342 662 cum
1375 599 1711 682 trophaeo
1753 600 1952 681 agiae
1999 599 2224 663 crucis
2269 588 2733 663 corroboraui.

630 701 708 780 ›1‹
751 698 904 780 Ego
945 698 1326 763 Osketulus
1374 698 1933 782 archiepiscopus
1976 699 2433 763 Eboracensis
2481 700 2735 763 deuote

618 798 1037 861 collaudaui.
1151 802 1229 881 ›1‹
1270 799 1424 880 Ego
1470 798 1940 863 AEiielwoldus
1982 800 2349 881 episcopus
2383 798 2734 863 Wintoni-

621 898 807 960 ensis
834 898 1125 962 multum
1158 899 1551 980 procuraui.
1664 901 1742 980 ›1‹
1784 898 1934 980 Ego
1963 897 2332 962 Oswaldus
2365 900 2733 981 episcopus

625 997 1041 1061 Wicciorum
1071 998 1572 1062 commendaui.
1657 1000 1735 1079 ›1‹
1752 998 1904 1079 Ego
1926 997 2342 1061 AElfwoldus
2365 998 2733 1081 episcopus

625 1096 1058 1162 Domnoniae
1088 1098 1487 1180 subscripsi.
1577 1098 1822 1179 &Ego
1858 1097 2248 1160 AElfstanus
2279 1098 2494 1160 abbas
2522 1096 2733 1160 Glas-

621 1198 856 1260 toniae
887 1198 1248 1261 consilium
1277 1196 1456 1261 dedi.
1570 1200 1648 1279 ›1‹
1693 1197 1846 1278 Ego
1879 1196 2292 1278 AEsselgarus
2319 1197 2534 1260 abbas
2564 1199 2728 1260 noui

622 1299 1023 1361 monasterii
1067 1297 1490 1379 Wyntoniae
1555 1316 1964 1360 consensum
2028 1297 2335 1378 praebui.
2448 1299 2529 1377 ›1‹
2575 1296 2729 1376 Ego

623 1395 926 1460 Wulfius
960 1398 1175 1460 abbas
1209 1397 1431 1460 sancti
1457 1394 1651 1460 Petri
1666 1393 2283 1461 'westmonasterii
2309 1404 2513 1460 extra
2545 1396 2730 1459 Lon-

622 1495 896 1558 doniam
932 1496 1330 1560 subnotaui.
1453 1496 1532 1575 ›1‹
1583 1496 1736 1577 Ego
1784 1495 2190 1559 Merwenna
2238 1496 2593 1558 abbatissa
2644 1496 2729 1557 de

625 1595 979 1677 Rumsege
999 1597 1275 1677 signum
1297 1602 1581 1658 sanctae
1610 1595 1833 1659 crucis
1865 1595 2019 1659 feci.
2104 1595 2350 1676 &Ego
2374 1594 2731 1676 Ordgarns

620 1695 761 1758 dux
788 1696 1224 1760 Domnoniae
1256 1695 1687 1775 consignaui.
1775 1695 1853 1774 ›1‹
1886 1695 2038 1776 Ego
2063 1694 2382 1776 AElfegus
2403 1694 2726 1757 Sutham-

622 1797 956 1859 tonicnsis
1015 1795 1161 1859 dux
1216 1794 1621 1878 approbaui.
1734 1797 1812 1876 ›1‹
1854 1795 2008 1876 Ego
2067 1793 2280 1857 Oslac
2341 1794 2486 1857 dux
2541 1793 2725 1857 affui.

631 1898 709 1977 ›1‹
745 1896 897 1976 Ego
932 1894 1352 1959 Brihtnobus
1387 1894 1531 1957 dux
1565 1894 1833 1976 aspexi.
1947 1893 2192 1975 &Ego
2227 1893 2552 1957 AElfwine
2582 1892 2728 1956 dux

617 1996 960 2059 consensi.
1098 1999 1179 2077 ›1‹
1219 1996 1372 2075 Ego
1430 1993 1738 2057 AElferus
1787 1992 1934 2056 dux
1991 1992 2295 2057 interfui.
2438 1994 2516 2073 ›1‹
2572 1992 2725 2073 Ego

619 2093 1016 2176 Emulphus
1048 2095 1359 2174 minister
1392 2094 1558 2157 uidi.
1671 2095 1749 2174 ›1‹
1798 2093 1950 2175 Ego
1985 2092 2380 2174 Rynguhus
2413 2089 2724 2154 minister

618 2190 781 2254 uidi.
897 2195 979 2276 ,Β
1025 2194 1176 2275 Ego
1214 2192 1693 2257 AEfielwardus
1737 2192 2050 2256 minister
2081 2192 2339 2255 audiui.
2392 2251 2397 2254 .
2452 2194 2530 2273 ›1‹
2576 2191 2727 2271 Ego

625 2292 819 2356 Weis
850 2294 1163 2358 minister
1196 2293 1610 2357 auscultaui.

1534 2593 1838 2656 nxxr

1370 2713 2014 2817 EXDGER,fflffi.

735 2891 813 2970 ›1‹
851 2888 941 2951 IN
988 2886 1367 2952 altithrono
1415 2896 1833 2952 ononomate
1879 2889 1990 2952 cui
2032 2908 2232 2953 omne
2282 2910 2459 2972 genu
2510 2891 2726 2955 flecti-

626 2996 741 3051 tur
774 2988 1164 3052 coelestium
1208 2989 1639 3052 terrestrium
1683 2996 1755 3051 et
1800 2989 2247 3053 infernorum.
2355 2990 2508 3073 Ego
2543 2991 2726 3054 Ead-

623 3108 753 3168 gar
796 3089 1264 3152 monarchiam
1305 3089 1524 3153 totius
1576 3088 1950 3153 brittannie
1980 3089 2206 3152 insule
2239 3110 2395 3153 cum
2431 3110 2727 3173 superno

623 3188 972 3250 iuuamine
1015 3189 1389 3252 obtinens.
1421 3187 1693 3251 cuidam
1738 3156 1943 3251 fideli
1973 3155 2247 3251 homine
2293 3208 2501 3270 quem
2555 3210 2725 3254 non-

625 3287 797 3348 nulli
824 3286 1137 3351 uocitant
1182 3296 1347 3352 noto
1390 3288 1807 3351 uocamine.
1829 3287 2259 3351 wulfheard.
2294 3289 2529 3372 aliqua
2566 3310 2727 3373 par-

625 3392 763 3449 tem
793 3392 1028 3450 terre.
1057 3387 1128 3449 id
1159 3394 1267 3451 est
1300 3396 1439 3451 tres
1474 3389 1712 3468 uirgas
1744 3386 1886 3451 illic
1920 3389 2039 3451 ubi
2077 3388 2354 3467 uulgari
2384 3391 2727 3453 uocabulo

624 3486 877 3550 dicitur
921 3494 1015 3550 aet
1042 3487 1600 3551 ceosolburnan.
1638 3488 2133 3568 perpetualiter
2174 3489 2526 3552 concedo.
2564 3489 2728 3552 dum

626 3605 792 3649 uero
825 3586 1040 3649 uitale
1068 3588 1415 3669 spiramen
1440 3606 1568 3649 suu
1600 3586 1851 3649 fouerit
1884 3606 2132 3668 corpus
2176 3589 2405 3650 animo
2436 3587 2732 3652 iocundo

625 3705 746 3747 nro
791 3683 1041 3765 dapsili
1085 3685 1432 3750 deditione
1475 3687 1921 3767 perfruatur.
1950 3686 2239 3749 decurso
2292 3687 2556 3751 scilicet
2604 3706 2728 3752 sue

627 3782 968 3846 curriculo
1030 3785 1176 3848 uite
1234 3786 1355 3847 her
1357 3784 1467 3848 edi
1531 3786 1938 3866 cuicumque
2014 3785 2314 3849 uoluerit
2376 3754 2730 3869 impendat

625 3883 1058 3964 imperpetuu
1124 3882 1481 3947 karisma.
1520 3905 1676 3947 cum
1744 3885 2007 3966 campis
2061 3887 2406 3968 pascuiS.
2450 3889 2724 3968 pratis,

626 3983 822 4046 siluis
860 3984 1373 4064 .-expeditionis
1409 4032 1423 4046 .
1461 3985 1693 4065 pontis
1733 4031 1749 4046 .
1786 3992 1856 4047 et
1899 3984 2079 4047 arcis
2147 4004 2285 4048 non
2331 4005 2582 4067 expers
2639 3987 2733 4050 sit

626 4083 756 4146 hoc
801 4083 1057 4146 donum
1103 4083 1225 4146 sed
1273 4086 1587 4146 ceterarii
1637 4085 1815 4146 rerfi.
1922 4084 1998 4147 Si
2041 4092 2273 4147 autem
2317 4085 2504 4166 quod
2551 4087 2734 4149 absit

624 4184 781 4265 quis
831 4182 928 4245 fili
982 4182 1386 4263 perditionis
1447 4183 1577 4246 hoc
1639 4183 1780 4246 n?m
1851 4182 2129 4247 decretii
2179 4183 2552 4264 infringere
2610 4194 2735 4249 aut

627 4283 991 4345 immutare
1028 4289 1319 4345 conatus
1361 4282 1568 4346 fuerit
1606 4331 1621 4344 .
1653 4283 1744 4347 sit
1790 4283 1938 4364 ipse
1985 4283 2191 4364 pulsu
2237 4283 2604 4348 demonum
2662 4287 2737 4348 in
