3044 5019
865 453 1208 500 CHARTAE
1253 451 1938 499 ANcLosAonmAE.
2345 435 2474 498 119

351 609 930 691 sempiternaliter
990 607 1503 692 possidendum,
1571 608 1644 669 in
1702 608 2283 672 aecclesiasticum
2353 610 2462 674 ius

350 710 870 787 conscribimus,
900 706 971 773 e't
999 708 1448 772 concedentes
1474 707 1811 771 donamus
1837 729 1855 788 3
1909 716 1979 772 et
2005 709 2186 773 intro
2209 730 2456 775 urnam

351 817 420 873 et
446 810 784 873 trutinam
814 810 905 872 ad
929 809 1462 872 mensurandum
1491 809 1564 871 in
1596 809 1883 872 emendo
1917 810 2065 872 siue
2094 809 2454 875 uendendo

350 911 435 973 ad
467 930 698 987 usum,
729 911 876 974 siue
903 910 990 972 ad
1022 909 1500 972 necessitatem
1521 909 1870 992 propriam
1892 916 1961 973 et
1986 909 2273 973 liberam
2305 931 2451 974 om-

351 1009 649 1074 nimodis
677 1011 966 1089 habeat3
1014 1016 1085 1072 et
1113 1008 1328 1072 totius
1358 1008 1572 1072 debiti
1602 1008 1715 1072 uel
1746 1028 2012 1090 poenae
2041 1009 2319 1088 fiscaliS,
2338 1011 2452 1075 uel

347 1110 668 1193 publicae
689 1111 811 1188 rei,
833 1110 968 1173 nisi
985 1109 1072 1173 ad
1091 1107 1467 1173 dominium
1488 1108 1793 1192 episcopi
1820 1109 2193 1173 aecclesiae
2215 1110 2449 1175 Uueo-

344 1211 706 1290 gernensis
734 1229 914 1294 quae
946 1211 1132 1274 intus
1161 1209 1548 1291 contingat,
1577 1208 1900 1273 absoluta
1937 1209 2285 1291 persistat.
2376 1210 2452 1274 Si

345 1319 580 1374 autem
614 1310 781 1375 foris
815 1311 929 1374 uel
962 1312 1036 1373 in
1067 1316 1291 1374 strata
1317 1309 1595 1392 publica
1628 1328 1751 1372 seu
1795 1309 1867 1373 in
1896 1310 2049 1392 ripa
2088 1310 2451 1392 emptorali

345 1411 675 1493 quislibet
732 1431 1012 1475 suorum
1059 1409 1492 1486 mercauerit,
1539 1410 1740 1473 iuxta
1787 1410 1971 1492 quod
2022 1416 2284 1472 rectum
2334 1409 2450 1488 sit,

346 1512 583 1574 thelon
615 1511 705 1575 ad
733 1530 1012 1575 manum
1048 1509 1233 1591 regis
1277 1510 1560 1588 subeat3
1609 1509 1795 1592 quod
1838 1509 1898 1573 si
1936 1510 2122 1573 intus
2153 1509 2222 1573 in
2250 1518 2443 1575 curte

348 1611 702 1693 praedicta
733 1611 1055 1693 quislibet
1099 1610 1339 1674 emerit
1390 1609 1503 1673 uel
1552 1609 1959 1686 uendiderit,
1992 1609 2226 1673 thelon
2258 1611 2447 1674 debi-

350 1719 496 1774 tum
542 1711 632 1774 ad
658 1730 937 1775 manum
976 1710 1281 1792 episcopi
1310 1727 1524 1791 supra
1573 1710 1932 1773 memorati
1964 1709 2327 1789 reddatur;
2376 1719 2447 1775 et

347 1831 621 1892 semper
665 1811 994 1894 quamdiu
1049 1810 1236 1873 unda
1293 1809 1475 1873 sacri
1519 1809 1957 1892 baptismatis
2004 1809 2243 1892 populi
2295 1807 2446 1872 An-

345 1912 617 1992 glorum
650 1911 799 1975 siue
828 1912 1182 1975 Saxonum
1212 1929 1334 1991 per
1363 1909 1568 1973 fidem
1609 1909 2044 1974 Christianae
2092 1908 2446 1990 religionis

349 2021 827 2094 aspergentur,
889 2031 1012 2075 seu
1061 2009 1367 2093 ipsorum
1429 2009 1865 2074 auctoritatis
1928 2008 2229 2073 dominio
2282 2011 2446 2074 urbs

348 2111 716 2177 Lundonia
760 2112 1008 2175 habilis
1056 2110 1433 2186 subiaceat,
1485 2110 1574 2173 ad
1610 2108 2221 2190 Uueogernensem
2273 2101 2442 2174 ciui-

349 2218 563 2275 tatem
592 2212 870 2275 subdita
908 2210 1255 2293 persistat.
1362 2209 1853 2274 Contestamur
1894 2217 1967 2273 et
2010 2211 2447 2274 obsecramus

343 2312 550 2375 unius
603 2311 932 2394 cuiusque
984 2328 1315 2393 personas
1359 2309 1733 2388 hominum,
1779 2310 2245 2393 praesentium
2295 2311 2445 2375 siue

345 2411 935 2494 subsequentium,
971 2419 1051 2475 ut
1092 2411 1223 2474 hoc
1267 2417 1581 2473 nostrum
1624 2411 1880 2474 donum
1911 2408 2322 2473 inuiolatum
2376 2417 2447 2474 et

344 2514 714 2595 integrum,
762 2513 943 2578 sicut
969 2530 1296 2596 praesens
1345 2512 1605 2593 pagina
1652 2518 1974 2589 testatur,
2022 2519 2445 2593 permaneat.

347 2613 421 2677 Si
461 2613 582 2696 qui
628 2632 818 2689 uer0,
855 2620 934 2677 ut
972 2633 1110 2677 non
1149 2618 1494 2693 optamuS,
1543 2612 1939 2693 serpentino
1984 2611 2446 2693 suggestionis

343 2714 745 2778 daemonice
779 2714 1011 2777 toxico
1056 2711 1303 2789 inflati,
1351 2711 1555 2774 huius
1595 2712 1891 2775 tramitis
1936 2710 2181 2775 seriem
2211 2713 2283 2775 in
2314 2712 2440 2775 ali-

343 2834 482 2896 quo
543 2813 1035 2895 temptauerint
1082 2812 1381 2889 foedare,
1434 2812 1754 2875 nouerint
1799 2831 1875 2875 se
1925 2831 2081 2874 cum
2109 2811 2320 2874 Anna
2368 2818 2442 2874 et

345 2914 657 2996 Zaphira
702 2913 1020 2987 herebica
1080 2911 1342 2977 aeterni
1387 2911 1848 2975 anathematis
1912 2909 2233 2973 machera
2283 2929 2444 2992 per-

344 3015 698 3092 forandos,
737 3014 872 3077 nisi
914 3014 1105 3095 prius
1148 3013 1362 3094 digna
1397 3011 1872 3075 satisfactione
1904 3008 2265 3073 emendare
2295 3029 2443 3072 ma-

338 3115 620 3179 luerint.
726 3114 928 3177 Haec
975 3121 1208 3177 autem
1252 3119 1416 3176 sunt
1461 3112 1741 3175 nomina
1785 3111 2059 3174 illorum
2114 3110 2233 3191 qui
2285 3109 2445 3173 huic

350 3223 630 3280 nostrae
679 3214 1032 3278 donationi
1079 3220 1291 3277 testes
1339 3219 1415 3301 et
1473 3211 1980 3275 consentientes
2038 3209 2339 3287 fuerunt,
2376 3218 2447 3274 et

348 3315 663 3398 trophico
726 3321 1011 3378 sanctae
1075 3313 1297 3377 crucis
1356 3313 1617 3377 uexillo
1689 3313 2089 3377 roborantes
2152 3311 2448 3394 propriis

351 3415 671 3479 manibus
699 3413 1273 3496 subscripserunt.

478 3518 558 3597 ›1‹
602 3515 757 3594 Ego
801 3514 1068 3577 AElsred
1120 3532 1244 3577 rex
1289 3510 1677 3594 Anglorum
1724 3519 1794 3575 et
1843 3511 2222 3587 Saxonum,
2271 3509 2451 3573 hanc

353 3616 795 3679 donationem
817 3615 1253 3688 confirmanS,
1284 3612 1484 3693 signo
1502 3612 1724 3676 crucis
1749 3610 2126 3675 subscribo.
2191 3611 2268 3690 ›1‹
2299 3610 2451 3692 Ego

356 3715 676 3779 AEbelred
710 3715 1121 3796 subregulus
1167 3721 1238 3777 et
1283 3712 1614 3795 patricius
1661 3711 2078 3776 Merciorum
2110 3709 2286 3774 hanc
2331 3711 2454 3774 do-

354 3815 706 3879 nationem
736 3816 937 3896 signo
966 3815 1187 3879 crucis
1217 3813 1613 3896 subscripsi.
1728 3815 1805 3894 ›1‹
1851 3811 2003 3893 Ego
2035 3810 2455 3875 AEthelflaed

357 3916 696 3980 consensi.
811 3918 890 3999 ›1‹
934 3916 1087 3996 Ego
1139 3913 1432 3978 Uulsred
1494 3914 1858 3996 episcopus
1910 3911 2249 3976 consensi.
2366 3913 2443 3992 ›1‹

361 4016 508 4097 Ego
564 4015 833 4080 Albard
891 4015 1259 4097 episcopus
1318 4014 1658 4078 consensi.
1784 4015 1864 4094 ›1‹
1910 4013 2063 4094 Ego
2115 4009 2456 4074 Uuaersriss

359 4101 721 4200 episc-opus
751 4117 1090 4180 consensi.
1208 4118 1285 4197 ›1‹
1332 4115 1483 4195 Ego
1519 4112 1879 4178 Deneuulf
1896 4112 2262 4195 episcopus
2290 4127 2458 4172 con-

359 4218 557 4281 sensi.
678 4220 755 4299 ›1‹
798 4217 953 4298 Ego
985 4215 1306 4296 Uulfsige
1335 4214 1701 4297 episcopus
1731 4211 2068 4277 consensi.
