3044 5019
872 407 1214 454 cuARrAB
1259 405 1943 454 ΑΝοιοΒΑΧοΝιοΑΕ.
2391 381 2435 456 9

1172 622 1579 693 cchvl.

621 739 1296 873 AETHELUIJLF
1346 789 1474 853 OF
1520 790 1957 871 WEssnx,
2004 793 2153 857 840.

438 957 516 1037 ›1‹
573 956 986 1019 REGNANTE
1049 955 1485 1036 imperpetuo
1555 954 1833 1020 domino
1911 965 2150 1021 nostro
2220 958 2433 1023 Ihesu

331 1052 598 1119 cristo!
656 1054 908 1118 Omnia
931 1054 1244 1135 speciosa
1267 1073 1484 1134 regna
1507 1054 1713 1116 huius
1743 1056 2039 1119 labentis
2068 1059 2257 1121 uitae
2276 1078 2432 1141 reg-

332 1174 710 1237 norumque
762 1154 1272 1235 dispensatores
1331 1172 1488 1216 cum
1550 1154 1922 1217 uelocitate
1965 1155 2314 1232 deficiunt,
2364 1166 2434 1222 et

333 1261 581 1317 cuncta
627 1270 805 1334 quae
860 1253 1185 1317 uidentur
1228 1252 1665 1317 cassabunda
1721 1259 1791 1315 et
1849 1254 2182 1317 moritura
2227 1263 2431 1335 sunt;

330 1372 507 1434 quae
558 1352 670 1416 hic
739 1373 879 1415 non
940 1351 1261 1416 uidentur
1319 1359 1604 1415 aeterna
1659 1358 1866 1415 sunt:
1936 1352 2091 1417 ideo
2156 1354 2431 1418 caducis

332 1459 400 1515 et
463 1452 668 1515 uanis
737 1453 942 1515 rebus
1013 1451 1268 1532 iugiter
1337 1469 1665 1515 mansura
1734 1451 1991 1533 gaudia
2062 1454 2433 1518 mercanda

329 1557 510 1614 sunt.
621 1550 783 1629 Qua
825 1551 911 1613 de
958 1569 1031 1613 re
1081 1569 1212 1631 ego
1253 1547 1704 1614 Atheluulfus
1760 1551 2034 1615 domino
2092 1554 2431 1635 largiente

335 1649 879 1713 Occidentalium
973 1648 1326 1712 Saxonum
1370 1635 1546 1726 'rex,
1634 1669 1761 1731 pro
1849 1652 2094 1715 unicae
2159 1655 2432 1718 animae

331 1767 521 1813 meae
572 1748 1041 1832 redemptione
1095 1755 1165 1811 et
1216 1742 1598 1813 criminum¹
1647 1768 1952 1813 meorum
2008 1753 2430 1831 remissione,

331 1849 633 1932 aliquam
680 1850 833 1930 agri
888 1854 1183 1930 partem,
1231 1848 1301 1910 id
1355 1854 1462 1911 est
1504 1849 1739 1911 decem
1788 1857 2123 1927 cassatOS,
2159 1852 2230 1914 in
2279 1852 2431 1916 loc-o

331 1950 447 2030 qui
501 1949 752 2011 dicitur
798 1945 1229 2024 Ascesdune,
1286 1966 1441 2010 cum
1494 1947 1782 2011 consilio
1836 1956 1904 2012 et
1954 1949 2235 2013 licentia
2284 1953 2430 2033 epi·

329 2066 690 2130 scoporum
772 2067 853 2110 ac
919 2047 1305 2129 principum
1386 2066 1719 2123 meorum,
1788 2047 2043 2111 Dudan
2115 2051 2430 2115 ministro

331 2165 482 2210 meo
527 2148 602 2210 in
648 2147 756 2209 ius
803 2147 1153 2229 proprium
1191 2145 1488 2208 habendi
1526 2153 1595 2210 et
1627 2145 1896 2209 fruendi
1939 2148 2087 2212 uita
2132 2145 2430 2227 comite?

332 2252 399 2309 et
416 2254 580 2328 post
601 2248 862 2309 obitum
888 2246 1074 2309 illius
1103 2245 1585 2326 qualicumque
1613 2245 1888 2309 haeredi
1914 2255 2122 2329 prout
2151 2248 2250 2311 illi
2276 2250 2428 2332 pla·

329 2353 481 2409 ceat
509 2344 960 2428 relinquendi,
991 2344 1243 2408 deuota
1268 2352 1496 2408 mente
1525 2346 1819 2426 largitus
1866 2366 2017 2409 sum
2044 2367 2061 2427 ;
2107 2347 2425 2429 hancque

329 2444 717 2509 libertatem
759 2444 833 2507 in
870 2443 1223 2526 praedicto
1276 2443 1503 2526 agello
1552 2464 1678 2508 nos
1723 2463 1959 2508 omnes
2010 2446 2430 2512 unanimiter

328 2545 860 2628 conscripsimus
905 2552 1113 2625 atque
1156 2545 1592 2624 donauimuS,
1622 2552 1699 2608 ut
1738 2544 1823 2608 ab
1868 2547 2055 2610 omni
2094 2547 2428 2612 fiscalium

332 2645 660 2708 tributum
719 2636 1120 2726 grauedine³
1166 2663 1291 2707 nec
1353 2664 1493 2707 non
1553 2651 1758 2726 pastu
1804 2645 2285 2728 episcoporum
2332 2650 2426 2712 si·

324 2743 604 2825 mulque
624 2744 1007 2826 principum
1041 2749 1111 2806 et
1140 2749 1566 2820 exactorum,
1585 2750 1655 2807 et
1677 2743 2069 2826 poenalium
2101 2766 2325 2809 rerum
2355 2755 2425 2811 et

326 2840 495 2905 suris
526 2842 1155 2925 comprehensione,
1187 2849 1257 2906 et
1285 2843 1372 2906 ab
1396 2844 1700 2905 omnium
1731 2843 2185 2907 saecularium
2205 2846 2423 2908 serui-

326 2948 553 3006 tutum
601 2943 942 3020 molestia,
983 2961 1224 3005 secura
1267 2948 1337 3005 et
1383 2936 1733 3007 immunis*
1774 2943 2216 3006 aeternaliter
2267 2964 2425 3025 per-

325 3039 623 3105 maneat.
727 3042 1003 3124 Scripta
1048 3050 1155 3104 est
1204 3040 1372 3104 haec
1418 3040 1688 3104 cartula
1736 3058 1919 3104 anno
1972 3041 2060 3103 ab
2105 3042 2422 3106 incarna⁴

322 3141 509 3206 tione
531 3140 790 3205 Christi
809 3157 1115 3204 ccccxl..
1148 3139 1219 3201 in
1249 3140 1621 3205 indictione
1650 3141 1879 3216 tertia,
1908 3139 1982 3202 in
2015 3141 2185 3205 uilla
2206 3143 2424 3225 regali

323 3260 500 3321 quae
553 3241 942 3323 appellatur
996 3238 1341 3317 Hamtun,
1388 3239 1518 3303 hiis
1577 3248 1647 3304 et
1704 3240 2289 3305 consentientibus
2352 3250 2423 3309 et

320 3340 903 3404 subscribentibus
936 3358 1226 3421 quorum
1280 3340 1559 3403 nomina
1602 3339 1786 3402 infra
1835 3349 2245 3424 praenotata
2275 3361 2424 3405 cer-

321 3441 641 3504 nentibus
671 3440 853 3503 clare
882 3444 1265 3521 patescunt.

429 3540 508 3619 ›1‹
543 3540 696 3621 Ego
725 3537 1113 3602 Aetheuulf
1140 3557 1274 3601 rex
1323 3537 1718 3618 praedictae
1753 3531 2232 3620 possessionis⁵
2277 3545 2421 3602 sta-

322 3646 472 3702 tuta
518 3640 719 3721 signo
772 3638 993 3702 crucis
1025 3637 1283 3700 Christi
1329 3636 1426 3699 sic
1480 3639 1858 3702 subscribo.
1955 3640 2034 3719 ›1‹
2068 3638 2220 3719 Ego
2244 3635 2421 3700 Alh-

318 3731 501 3800 stan⁶
545 3738 910 3820 episcopus
941 3737 1281 3814 consensi,
1314 3736 1514 3817 signo
1546 3738 1768 3801 crucis
1802 3736 2063 3801 Christi
2110 3737 2210 3802 sic
2254 3739 2419 3801 sub-

317 3837 538 3900 scribo
571 3856 726 3900 cum
754 3835 990 3900 multis
1020 3834 1197 3899 aliis.

383 4018 398 4049 ¹
423 4021 538 4072 MS.
561 4021 801 4070 animum.
1476 4014 1495 4043 ⁴
1520 4016 1634 4065 MS.
1655 4017 1966 4067 innumerum

380 4086 401 4119 ²
422 4091 538 4141 MS.
559 4094 815 4139 conuerte.
1476 4086 1498 4113 ³
1521 4086 1637 4135 MS.
1662 4086 1922 4146 praedicta
1944 4086 2328 4150 possessionem.

382 4157 403 4190 ⁸
425 4160 539 4210 MS.
565 4160 828 4223 grandine.
1475 4153 1495 4184 ⁶
1518 4156 1633 4205 MS.
1654 4155 1940 4207 Athelstan.
