3044 5019
610 435 742 499 416
1108 450 1452 497 annrAu
1510 450 2195 499 ANcLoSAxochss.

588 607 1075 689 ‘Mengarlake
1108 615 1179 671 et
1214 607 1594 686 Lurklake,
1629 614 1701 671 et
1738 607 1899 673 inde
1949 629 2072 691 per
2106 608 2342 691 Oggot
2382 629 2604 691 usque
2635 609 2726 672 ad

611 706 1019 784 Wodelade,
1051 709 1169 770 ubi
1199 706 1585 772 Wodelade
1614 708 1801 771 cadit
1844 709 1915 770 in
1960 728 2214 790 aquam
2257 709 2342 771 de
2375 708 2678 772 Weland
2708 731 2725 789 ;

612 824 767 868 cum
821 807 1138 869 omnibus
1187 807 1564 871 commodis
1616 826 1795 888 quae
1849 814 2225 889 potuerunt
2281 809 2561 871 euenire
2611 808 2727 871 uel

613 907 1013 987 extorqueri
1061 905 1242 969 infra
1291 905 1682 988 praedictos
1726 906 1978 969 limites
2022 913 2167 969 tam
2199 907 2438 971 subter
2466 914 2727 970 terram

613 1024 823 1086 quam
856 1024 1112 1087 supra3
1165 1024 1322 1068 cum
1377 1020 1745 1068 communa
1791 1012 2120 1087 pasturae
2171 1007 2357 1069 omni
2412 1012 2725 1087 tempore

614 1105 778 1167 anni
827 1123 954 1186 pro
1004 1105 1191 1167 omni
1265 1124 1516 1185 genere
1579 1104 2003 1182 animalium,
2055 1105 2211 1180 sibi,
2275 1113 2346 1169 et
2403 1106 2724 1168 omnibus

613 1204 1004 1267 hominibus
1033 1204 1201 1280 suis,
1234 1210 1305 1267 et
1348 1204 1747 1266 tenentibus
1806 1203 1950 1266 suis
2005 1222 2238 1267 secum
2273 1204 2454 1266 infra
2498 1203 2725 1267 dictos

611 1303 866 1366 limites
942 1301 1500 1366 cohabitantibus
1567 1304 1641 1364 in
1704 1303 2017 1365 mariscis
2088 1302 2562 1366 adiacentibus
2632 1323 2723 1367 ex

612 1409 908 1483 utraque
973 1409 1171 1484 parte
1235 1402 1491 1483 [aquae
1545 1401 1630 1463 de
1677 1400 1978 1464 Weland
2042 1400 2367 1465 uidelicet
2427 1422 2519 1464 ex
2582 1421 2726 1464 una

613 1495 867 1584 parte]¹
905 1501 994 1563 ab
1025 1501 1147 1563 illa
1174 1519 1358 1581 aqua
1403 1520 1625 1582 usque
1653 1500 1741 1563 ad
1778 1519 2022 1581 agrum
2061 1520 2288 1564 meum
2322 1501 2407 1563 de
2440 1500 2719 1563 Medes-

611 1600 951 1676 hamsted,
1007 1608 1078 1664 et
1125 1620 1215 1663 ex
1265 1601 1404 1663 alia
1446 1607 1646 1681 parte
1697 1600 1785 1662 ab
1837 1619 2024 1681 aqua
2060 1599 2300 1663 eadem
2360 1619 2582 1682 usque
2630 1600 2718 1662 ad

611 1699 927 1764 aedificia
947 1699 1032 1762 de
1063 1698 1510 1781 Spaldelyng,
1539 1718 1696 1762 cum
1730 1699 2031 1781 separali
2052 1698 2351 1780 piscaria
2379 1700 2453 1761 in
2481 1698 2716 1761 eadem

612 1818 798 1882 aqua
838 1799 924 1862 de
957 1798 1280 1874 Weland,
1321 1817 1364 1861 a
1396 1796 1887 1879 Kenulphston
1925 1817 2145 1880 usque
2189 1799 2278 1861 ad
2320 1805 2597 1881 pontem
2644 1799 2718 1860 in

615 1898 989 1981 Croyland,
1024 1906 1094 1961 et
1124 1899 1197 1960 in
1231 1917 1417 1980 aqua
1460 1897 1545 1960 de
1577 1896 1817 1960 Neene
1867 1917 1911 1960 a
1946 1898 2187 1974 limite,
2221 1897 2555 1961 Fineston
2592 1916 2718 1960 no-

611 1999 819 2074 mine,
867 2015 1089 2079 usque
1143 1996 1231 2059 ad
1285 1981 1713 2078 praedictum
1761 2003 2041 2078 pontem
2087 1997 2172 2059 de
2221 1996 2598 2079 Croyland,
2651 2004 2722 2060 et

612 2097 796 2172 inde,
845 2096 915 2158 in
950 2095 1188 2159 eadem
1234 2114 1418 2177 aqua
1450 2102 1521 2159 et
1550 2096 1623 2159 in
1653 2114 1838 2177 aqua
1869 2096 1953 2158 de
1979 2095 2279 2160 Weland
2309 2095 2717 2159 coadunatis

613 2215 835 2279 usque
866 2195 953 2258 ad
988 2192 1348 2277 Asendyk.
1455 2189 1777 2259 Concedo
1821 2194 2031 2258 etiam
2080 2195 2266 2276 quod
2311 2195 2480 2258 dicti
2521 2215 2716 2258 mon-

615 2296 770 2360 achi
801 2296 1071 2377 possint
1100 2294 1450 2357 includere
1473 2294 1566 2357 ‘de
1608 2295 1921 2357 mariscis
1969 2293 2443 2358 adiacentibus
2475 2313 2718 2357 uersus

612 2394 1035 2461 occidentem
1067 2413 1193 2476 pro
1246 2413 1322 2457 se
1372 2400 1445 2457 et
1484 2413 1612 2475 pro
1664 2393 2058 2456 tenentibus
2093 2394 2238 2456 suis
2270 2394 2527 2457 croftos
2570 2394 2719 2457 siue

612 2501 887 2579 pratum
918 2493 1103 2558 circa
1144 2500 1424 2576 pontem
1466 2493 1898 2575 separaliter,
1943 2500 2278 2575 quantum
2309 2492 2445 2557 illis
2478 2492 2719 2576 placu-

610 2596 766 2671 erit,
788 2600 995 2676 prout
1016 2600 1306 2675 patruus
1338 2612 1533 2656 meus
1568 2613 1694 2656 rex
1714 2593 2070 2656 Eadredus
2090 2593 2345 2656 eisdem
2371 2593 2542 2656 haec
2570 2613 2719 2656 om-

610 2695 730 2757 nia
767 2712 895 2756 suo
943 2691 1400 2774 chirographo
1461 2691 1920 2756 confirmauit.
2026 2691 2346 2757 Concedo
2393 2693 2602 2755 etiam
2649 2700 2722 2756 et

612 2792 940 2858 confirmo
983 2791 1338 2874 praedicto
1372 2792 1791 2855 monasterio
1823 2790 2055 2855 omnia
2100 2798 2458 2873 praetacta
2500 2791 2720 2854 libera

610 2901 683 2958 et
725 2893 956 2956 soluta
1003 2892 1092 2955 ab
1151 2891 1337 2955 omni
1392 2910 1601 2954 onere
1654 2890 1993 2954 saeculari
2038 2896 2108 2954 et
2162 2890 2348 2972 quod
2415 2890 2719 2954 habeant

611 3011 847 3058 omnes
890 2991 1145 3054 liberas
1188 2990 1721 3053 consuetudines
1766 3009 1923 3053 cum
1967 2990 2152 3053 omni
2195 2989 2317 3052 illo
2360 2989 2544 3070 quod
2591 3009 2715 3072 ap-

610 3092 910 3176 pellatur
948 3090 1183 3166 socha,
1219 3088 1452 3165 sacha,
1489 3091 1591 3153 tol
1636 3096 1707 3153 et
1751 3095 1916 3165 tem,
1959 3087 2371 3169 infangthef,
2419 3088 2613 3171 weyf
2646 3096 2718 3153 et

611 3198 830 3273 stray,
884 3198 954 3253 et
992 3209 1148 3253 cum
1203 3189 1310 3251 his
1359 3189 1667 3269 legitime
1717 3187 2288 3270 appendentibus·
2394 3186 2715 3252 Concedo

608 3291 821 3355 etiam
870 3295 941 3351 et
995 3286 1323 3351 confirmo
1374 3288 1630 3350 eisdem
1690 3286 2046 3350 monachis
2098 3306 2334 3350 omnes
2377 3293 2598 3350 terras
2646 3296 2719 3352 et

607 3395 1023 3465 tenementa,
1084 3386 1457 3450 aecclesias
1509 3395 1581 3451 et
1638 3386 1966 3467 capellaS,
2018 3393 2089 3449 et
2145 3406 2382 3450 omnes
2441 3406 2716 3469 posses-

607 3492 836 3555 siones
882 3487 1101 3551 eidem
1147 3487 1567 3550 monasterio
1626 3487 2074 3568 pertinenteS,
2135 3505 2311 3567 quas
2361 3485 2717 3568 praefatus

607 3610 734 3653 rex
782 3587 1162 3662 EadreduS,
1202 3587 1316 3648 uel
1366 3585 1738 3666 optimates
1789 3585 1921 3661 sui,
1974 3585 2159 3648 dicto
2210 3586 2543 3648 coenobio
2585 3605 2713 3667 pro

607 3705 889 3753 suorum
932 3685 1403 3765 redemptione
1447 3691 1913 3766 peccatorum,
1958 3684 2031 3746 in
2080 3690 2484 3765 perpetuam
2537 3683 2716 3746 elee-

607 3803 967 3867 mosynam
1041 3783 1497 3860 donauerunt‚
1562 3783 1676 3846 uel
1734 3802 1859 3865 per
1934 3783 2322 3864 praefatum
2396 3783 2714 3846 abbatem

606 3883 1067 3949 Turketulum
1155 3882 1361 3946 datae
1432 3891 1598 3945 sunt
1668 3882 1781 3944 uel
1855 3882 2262 3963 acquisitae,
2341 3881 2416 3943 in
2496 3880 2715 3964 Croy-

600 3985 791 4060 land,
836 3982 1262 4065 Spaldeling,
1295 3979 1692 4063 Pyncebek,
1738 3980 2159 4063 Cappelade,
2204 3979 2451 4060 Algar,
2486 3980 2718 4062 [Don-

603 4081 895 4165 nesdyk,
957 4082 1301 4162 Drayton,
1373 4076 1690 4156 ‘Burtoft,
1763 4079 2208 4156 Southerton,
2290 4078 2717 4157 Bokenhale,

1281 4228 1299 4260 ¹
1323 4230 1569 4292 Wanting
1592 4230 1645 4278 in
1669 4230 1783 4281 MS.
1807 4230 2009 4280 Arund.
