3044 5019
565 420 698 487 348
1114 434 1458 483 cHAR'rAE
1503 433 2186 484 ANGLOSAonchss.

576 601 739 658 sunt
765 601 1057 658 externa
1088 593 1206 657 sed
1242 612 1542 676 superna
1576 600 1859 657 aeterna
1902 586 2113 657 sunt.'¹
2219 592 2694 671 Quamobrem

577 714 707 775 ego
754 693 1045 775 Eadwig
1082 713 1230 770 reX,
1262 691 1653 774 Anglorum
1693 694 2116 775 gubernator
2167 701 2238 758 et
2287 701 2538 771 rector,
2568 697 2691 757 uni

575 813 883 857 meorum
921 792 1249 857 karorum
1277 812 1480 875 quem
1516 792 1923 857 cordetenus
1953 793 2191 875 diligo,
2220 795 2527 858 uocitato
2562 814 2693 857 no-

576 893 760 955 mine
781 892 1111 974 Wulsgar
1141 892 1346 968 leofa,
1380 892 1720 956 modicam
1755 900 2021 975 partem
2053 898 2277 956 terrae
2295 894 2365 956 id
2398 901 2507 958 est
2530 941 2547 957 .
2578 942 2593 957 .
2624 889 2643 957 ’.
2677 940 2697 958 .

577 999 890 1056 cassatos
939 992 1435 1075 perpetualiter
1483 993 1810 1069 concedo,
1864 993 1937 1054 in
1989 992 2112 1056 illo
2175 992 2329 1056 loco
2374 994 2491 1056 ubi
2540 992 2696 1056 An-

578 1092 765 1173 glica
795 1112 982 1156 more
1009 1092 1476 1175 appellatione
1495 1091 1747 1154 dicitur
1770 1099 1863 1155 aet
1898 1091 2396 1156 Sceaftesberi:
2436 1092 2697 1157 habeat

577 1210 659 1256 ac
688 1191 1042 1274 possideat
1079 1190 1406 1274 quamdiu
1453 1191 1675 1268 uiuat,
1711 1198 1783 1254 et
1809 1197 1965 1273 post
2002 1210 2077 1254 se
2121 1193 2528 1274 cuicumque
2561 1212 2694 1255 uo·

571 1291 780 1356 luerit
805 1291 1103 1355 haeredi
1152 1290 1585 1372 derelinquat
1629 1291 1701 1352 in
1747 1299 2100 1354 aeternam
2157 1291 2682 1356 haereditatem.

579 1391 869 1455 Maneat
909 1392 1124 1473 igitur
1154 1410 1382 1453 meum
1412 1389 1543 1453 hoc
1575 1390 1923 1453 immobile
1969 1391 2226 1454 donum
2275 1397 2563 1454 aeterna
2602 1392 2692 1454 li-

576 1491 846 1554 bertate
891 1491 1286 1566 iocundum,
1315 1510 1472 1554 cum
1506 1489 1824 1553 omnibus
1857 1509 2037 1571 quae
2066 1491 2155 1554 ad
2200 1491 2427 1573 ipsum
2457 1491 2690 1555 locum

577 1591 920 1672 pertinere
965 1590 1443 1666 dinoscuntur,
1490 1596 1634 1653 tam
1688 1589 1760 1652 in
1815 1590 2088 1671 magnis
2139 1609 2348 1671 quam
2408 1591 2483 1653 in
2538 1611 2687 1654 mo-

576 1690 748 1754 dicis
798 1690 1025 1766 rebus,
1076 1689 1362 1771 campis,
1419 1688 1722 1770 pascuis,
1774 1690 2021 1770 pratis»,
2089 1689 2306 1767 siluis,
2367 1691 2685 1773 exceptis

569 1790 724 1853 istis
763 1790 1009 1867 tribus,
1044 1788 1508 1871 expeditione,
1546 1789 1778 1871 pontis
1823 1789 2092 1853 arcisue
2138 1790 2679 1855 constructione.

578 1890 652 1953 Si
704 1891 859 1971 quis
908 1909 1074 1953 uero
1136 1888 1267 1952 hoc
1330 1895 1642 1952 nostrum
1695 1887 2001 1951 karisma
2050 1889 2284 1971 aliqua
2331 1889 2694 1954 machina-

576 1989 764 2053 tione
801 1988 1173 2069 infringere
1204 1995 1495 2052 conatus
1536 1987 1767 2065 fuerit,
1796 1988 2070 2051 ueniam
2116 2008 2254 2052 non
2281 1989 2390 2052 hic
2418 2009 2687 2053 merea-

576 2094 712 2164 tur,
737 2108 862 2151 nec
895 2088 967 2149 in
998 2087 1231 2151 futuro
1266 2087 1463 2168 regni
1496 2087 1815 2151 coelestis
1850 2087 2277 2169 clauigerum
2303 2090 2684 2171 propitium

575 2187 851 2264 habeat,
874 2187 1006 2250 nisi
1035 2187 1227 2270 prius
1246 2186 1357 2251 hic
1381 2188 1469 2250 ad
1500 2186 2045 2251 satisfactionem
2068 2190 2306 2252 uenire
2335 2188 2682 2253 maluerit.

574 2287 948 2352 Praedicta
993 2286 1332 2370 siquidem
1382 2286 1590 2350 tellus
1642 2286 1774 2350 hiis
1820 2288 2134 2351 terminis
2186 2289 2683 2353 circumcincta

575 2388 916 2465 clarescit,
950 2395 1086 2452 etc.
1189 2386 1390 2450 Haec
1423 2393 1620 2450 carta
1647 2386 1909 2468 scripta
1938 2394 2046 2451 est
2081 2407 2266 2452 anno
2301 2388 2691 2453 dominicae

577 2488 1072 2553 incarnationis
1110 2503 1567 2551 ‚Dcccchvnh
1599 2485 1973 2551 indictione
2002 2488 2077 2552 1⁸.

678 2588 832 2669 Ego
890 2587 1183 2669 Eadwig
1245 2607 1371 2650 rex
1435 2584 1825 2669 Anglorum
1890 2586 2467 2652 indeclinabiliter
2518 2607 2685 2652 con-

574 2688 750 2750 cessi
781 2689 891 2769 ἧς.
998 2688 1152 2769 Ego
1186 2686 1528 2750 AElfsinus
1568 2686 1845 2770 praesul
1878 2687 2185 2769 sigillum
2228 2686 2428 2768 agiae
2462 2689 2691 2751 crucis

576 2786 891 2870 impressi
939 2789 1046 2869 ιιι.
1187 2787 1342 2868 Ego
1401 2786 1763 2869 Byrhtelm
1839 2787 2246 2869 consignaui
2293 2788 2403 2868 ἧς.
2531 2787 2685 2869 Ego

578 2882 792 2950 Osulf
815 2887 1257 2968 confirmaui3
1311 2893 1381 2950 et
1413 2887 1673 2950 caeteri
1705 2888 1816 2968 ἧς.

1370 3182 1919 3249 ccchxxl.

1326 3304 1772 3412 EADGAR,
1817 3332 1971 3397 958.

688 3485 766 3565 ›1‹
800 3481 1210 3545 REGNANTE
1258 3480 1329 3544 in
1374 3489 1786 3564 perpetuum
1843 3481 2120 3547 domino
2171 3489 2412 3546 nostro
2471 3482 2688 3548 Ihesu

577 3581 894 3647 Christo!
1002 3580 1340 3644 Omnibus
1385 3582 1838 3663 prudentibus
1873 3582 1993 3663 qui
2038 3580 2323 3644 deificae
2375 3591 2687 3647 contem-

574 3680 901 3765 plationis
934 3679 1432 3744 beatitudinem
1466 3681 1538 3743 in
1572 3680 1823 3744 mentis
1859 3700 2028 3744 suae
2060 3679 2361 3762 hospitio
2405 3701 2685 3747 cernere

572 3781 882 3864 cupiunt,
930 3779 1508 3844 manifestissimis
1552 3781 1772 3862 signis
1813 3787 2113 3857 constat,
2157 3781 2343 3862 quod
2389 3783 2682 3864 quisque

572 3881 758 3965 potis
791 3887 899 3943 est
929 3879 1347 3944 transitoriis
1378 3881 1536 3943 imis
1582 3880 1729 3944 alta
1772 3880 2101 3944 coelestia
2133 3879 2281 3942 sine
2315 3880 2451 3943 fine
2484 3902 2681 3945 man-

574 4001 740 4047 sura
793 3998 1178 4062 capescere.
1285 3979 1550 4044 Iccirco
1602 3999 1734 4061 ego
1776 3979 2059 4061 Eadgar
2100 3979 2480 4043 industrius
2531 3979 2682 4045 An-

571 4082 843 4163 glorum
885 4099 1035 4153 rex,
1069 4085 1633 4161 caeterarumque
1669 4080 1977 4160 gentium
2015 4079 2088 4142 in
2117 4078 2482 4143 circumitu
2523 4084 2689 4163 per-'

573 4179 967 4244 sistentium
1009 4178 1432 4259 gubernator
1464 4187 1536 4242 et
1564 4186 1813 4256 rector,
1843 4178 2146 4243 secundo
2182 4198 2367 4243 anno
2409 4180 2681 4263 imperii

1190 4301 1207 4333 ¹
1231 4304 1315 4353 Sic
1338 4305 1451 4358 MS.
1476 4305 1580 4357 vid.
1606 4306 1707 4356 No.
1732 4318 2038 4358 cccotxvm.
