3044 5019
620 407 757 475 258
1126 417 1473 467 CHARTAE
1520 414 2211 464 ANeLosAxochss.

629 582 813 646 sensi
855 584 966 662 ιιι.
1071 580 1224 661 Ego
1267 577 1423 640 Odo
1466 574 2022 640 Dorobernensis
2081 573 2459 639 aecclesiae
2516 575 2735 640 archi-

632 682 1021 764 episcopuS,
1054 679 1358 743 eiusdem
1393 676 1582 757 regis
1613 675 2054 739 donationem
2085 694 2239 737 cum
2274 675 2507 755 sigillo
2543 696 2742 739 sanc-

633 788 747 845 tae
799 781 1022 843 crucis
1073 778 1398 843 roboraui
1431 777 1543 858 ᾧ.
1649 776 1805 856 Ego
1835 771 2154 840 Wulsred
2185 774 2744 858 archiepiscopus

634 880 942 944 eiusdem
971 880 1157 961 regis
1193 878 1642 942 donationem
1689 896 1845 939 cum
1892 873 2227 957 trophaeo
2274 875 2477 955 agiae
2524 877 2748 939 crucis

634 979 1042 1061 consignaui
1079 980 1190 1061 ᾧ.
1285 976 1440 1058 Ego
1477 975 1795 1039 Deodred
1827 974 2334 1038 Londoniensis
2369 975 2748 1039 aecclesiae

638 1080 1004 1161 episcopus
1038 1076 1442 1144 confirmaui
1473 1077 1585 1158 ᾧ.
1684 1075 1838 1156 Ego
1866 1074 2202 1138 AElfheah
2240 1073 2749 1139 Wintoniensis

639 1178 1014 1243 aecclesiae
1075 1178 1441 1261 episcopus
1506 1175 1995 1257 triumphalem
2067 1174 2475 1255 trophaeum
2542 1176 2746 1256 agiae

641 1280 864 1343 crucis
899 1279 1240 1361 impressi,
1268 1284 1401 1340 etc.
1435 1276 1546 1357 ᾧ.

1573 1450 1815 1464 ἡ

1510 1569 1897 1636 cccclv,

1323 1688 1857 1797 ΕᾸΒΜΠΝΙ),
1901 1717 2055 1783 945.

763 1871 841 1952 ›1‹
884 1869 971 1932 IN
1009 1867 1283 1932 nomine
1316 1873 1603 1932 sanctae
1625 1869 2030 1934 Trinitatis!
2105 1868 2447 1947 Quamuis
2481 1870 2758 1934 decreta

653 1970 1057 2051 pontificum
1126 1976 1193 2031 et
1257 1970 1471 2032 uerba
1540 1970 1976 2033 sacerdotum
2041 1970 2247 2033 uelud
2306 1969 2758 2034 fundamenta

651 2070 988 2132 montium
1035 2068 1446 2132 indistrictis
1493 2069 1933 2150 ligaminibus
1985 2070 2129 2133 fixa
2177 2076 2364 2147 sunt,
2415 2076 2566 2132 tum
2612 2071 2755 2152 ple-

654 2178 940 2250 rumque
964 2189 1086 2250 per
1112 2174 1566 2249 tempestates
1598 2176 1668 2233 et
1695 2171 2004 2238 turbines
2038 2171 2496 2234 saecularium
2528 2190 2756 2233 rerum

632 2269 861 2335 etiam
899 2268 1141 2350 religio
1189 2276 1471 2332 sanctae
1521 2268 1631 2332 dei
1677 2270 2053 2333 aecclesiae
2090 2271 2377 2333 maculis
2423 2272 2752 2351 reprobo-

652 2389 803 2432 rum
850 2368 1224 2451 dissipatur
1280 2387 1362 2431 ac
1408 2369 1771 2451 rumpitur.
1878 2369 2143 2433 Iccirco
2186 2371 2522 2433 incertum
2568 2369 2754 2433 futu-

651 2489 883 2533 rorum
927 2474 1314 2550 temporum
1359 2475 1620 2533 statum
1671 2469 2115 2552 prouidentes
2163 2470 2461 2552 posteris
2514 2489 2752 2535 succe-

654 2569 973 2632 dentibus
1004 2566 1439 2649 profuturum
1475 2589 1626 2633 esse
1661 2570 2114 2647 decreuimus‚
2141 2577 2221 2634 ut
2256 2590 2339 2633 ea
2366 2589 2545 2652 quae
2570 2591 2754 2634 com·-

653 2669 845 2730 muni
874 2675 1102 2732 tractu
1133 2668 1394 2754 salubri
1425 2670 1712 2733 consilio
1742 2670 2162 2734 definiuntur
2188 2670 2393 2733 certis
2427 2670 2754 2736 litterulis

655 2770 983 2831 roborata
1023 2768 1532 2833 confirmentur.
1640 2769 2084 2853 Quapropter
2128 2790 2258 2851 ego
2306 2769 2756 2833 Eadmundus

655 2888 781 2932 rex
800 2866 1212 2949 Anglorum,
1244 2876 1810 2952 caeterarumque
1833 2872 2142 2952 gentium
2174 2871 2245 2932 in
2277 2870 2570 2932 circuitu
2603 2891 2757 2953 per-

657 2969 1048 3032 sistentium
1084 2970 1507 3050 gubernator
1560 2976 1630 3032 et
1668 2977 1918 3046 rector,
1954 2970 2041 3033 ad
2074 2970 2472 3033 memoriam
2505 2989 2757 3034 reuoco

657 3074 858 3150 gesta
893 3075 1403 3132 antecessorum
1451 3089 1782 3147 meorum,
1820 3070 1937 3153 qui
1977 3070 2268 3133 terrenis
2313 3070 2561 3150 opibus
2604 3089 2758 3134 aec·

657 3168 903 3231 clesias
936 3175 1331 3231 sanctorum
1366 3168 1787 3234 ditauerunt.
1910 3169 2222 3247 Quorum
2258 3170 2581 3251 exempla
2608 3170 2759 3234 imi-

659 3273 874 3342 tatuS,
920 3268 1007 3329 ad
1060 3269 1552 3331 monasterium
1587 3251 1770 3351 quod
1811 3270 2022 3333 situm
2068 3276 2175 3332 est
2205 3269 2471 3332 inloco
2503 3270 2625 3351 qui
2658 3270 2758 3332 di-

660 3367 840 3429 citur
875 3373 967 3429 aet
998 3367 1591 3431 Baedricesworth
1641 3370 1712 3432 in
1759 3389 1896 3451 quo
1943 3375 2226 3432 sanctus
2274 3368 2758 3450 [Eadmundus

660 3486 786 3529 rex
850 3474 919 3530 et
979 3474 1243 3549 martyr
1311 3468 1603 3550 quiescit
1669 3489 1977 3551 corpore,
2026 3476 2281 3532 terram
2336 3489 2515 3550 quae
2580 3469 2762 3532 circa

660 3566 852 3630 illum
899 3566 1126 3630 locum
1179 3587 1329 3630 esse
1362 3567 1662 3643 uidetur,
1708 3569 1998 3632 libenter
2041 3569 2295 3643 tribuo,
2329 3575 2399 3631 et
2446 3575 2759 3639 aeterna-

662 3667 821 3729 liter
865 3667 1216 3747 persistat,
1262 3675 1548 3731 eatenus
1595 3675 1673 3731 ut
1717 3669 1908 3731 illam
1955 3661 2323 3747 eiusdem]¹
2361 3668 2760 3732 monasterii

662 3765 926 3828 familia
982 3766 1335 3847 possideat
1390 3775 1602 3849 atque
1655 3769 1799 3832 suis
1864 3767 2159 3850 posteris
2214 3768 2451 3830 eadem
2503 3768 2760 3832 ditione

662 3865 1119 3947 derelinquat.
1222 3866 1329 3929 Sit
1356 3874 1589 3930 autem
1623 3868 1978 3949 praedicta
2004 3875 2189 3932 terra
2215 3867 2431 3930 libera
2462 3868 2549 3931 ab
2580 3866 2763 3931 omni

660 3965 994 4027 mundiali
1030 3965 1389 4029 obstaculo
1421 3986 1577 4030 cum
1618 3969 1932 4032 omnibus
1965 3987 2145 4051 quae
2190 3967 2352 4030 olim
2398 3966 2483 4030 ad
2538 3967 2764 4049 ipsum

658 4065 886 4128 locum
918 4063 1259 4146 pertinere
1305 4067 1783 4144 dinoscuntur,
1829 4074 1974 4132 tam
2020 4069 2092 4130 in
2138 4067 2406 4148 magnis
2450 4086 2661 4149 quam
2692 4068 2763 4129 in

913 4213 926 4242 ¹
950 4215 1058 4264 The
1081 4216 1277 4277 portion
1298 4216 1477 4265 within
1499 4217 1739 4266 brackets
1762 4219 1805 4266 is
1829 4220 2057 4280 wanting
2080 4218 2131 4266 in
2153 4218 2237 4266 the
2263 4220 2369 4266 first
2396 4218 2511 4268 MS.
