3044 5019
844 430 1187 478 cHAR'rAs
1235 428 1918 476 ANGLosAxoNJcAa.
2307 411 2430 474 191

314 604 572 668 scopus
632 587 949 650 consensi
1017 593 1088 650 et
1136 587 1513 669 subscripsi
1556 587 1668 668 ιιι.
1790 586 1941 668 Ego
1991 584 2436 651 Wulfstanus

314 685 696 750 aecclesiae
724 686 1182 751 Eboracensis
1215 686 1777 769 archiepiscopus
1810 686 2129 751 consensi
2166 692 2239 749 et
2270 685 2436 748 sub-

297 786 606 868 scripsi:
661 793 733 850 et
765 787 1018 851 caeteri
1048 788 1126 868 ›1‹
1145 835 1160 850 .

1161 1080 1605 1146 cchxn.

932 1195 1630 1307 AETHELSTAN,
1675 1229 1828 1293 933.

431 1376 513 1457 ›1‹
562 1374 914 1439 FLEmMA
966 1370 1161 1440 fortit
1213 1376 1624 1442 detestanda
1679 1377 2050 1443 totillantis
2101 1374 2230 1441 scii
2281 1377 2431 1458 pia-

324 1474 482 1538 cula
527 1474 699 1538 diris
745 1477 1039 1540 obscene
1089 1476 1429 1542 horrende
1476 1499 1612 1561 que
1654 1476 2102 1543 mortalitatis
2143 1477 2434 1541 circum-

322 1582 525 1657 septa
559 1576 930 1640 latratibus
973 1597 1111 1640 non
1151 1596 1277 1642 nos
1326 1545 1557 1660 patria
1594 1578 1876 1673 indepte
1918 1578 2110 1661 pacis
2154 1595 2434 1641 securos

323 1675 444 1737 sed
518 1675 725 1757 quasi
794 1675 1004 1740 fetide
1079 1679 1468 1786 corruptele
1544 1680 1616 1742 in
1680 1679 2084 1759 uoraginem
2151 1696 2436 1740 casuros

325 1774 775 1855 prouocando
830 1784 1225 1841 ammonent
1278 1785 1358 1841 ut
1406 1798 1490 1841 ea
1553 1786 1702 1843 toto
1761 1779 2010 1841 mentis
2075 1776 2435 1841 conamine

324 1892 481 1937 cum
544 1876 820 1938 casibus
864 1876 1009 1939 suis
1073 1896 1214 1940 non
1265 1877 1491 1941 solum
1549 1877 1991 1989 despiciendo
2050 1875 2172 1940 sed
2228 1875 2435 1938 etiam

326 1974 522 2038 uelut
595 1972 1028 2038 fastidiosam
1096 1976 1500 2042 melancolie
1576 1975 1893 2042 nausiam
1976 1975 2435 2040 abominando

327 2073 681 2154 fugiamus
713 2074 1072 2139 tendentes
1104 2076 1192 2139 ad
1224 2076 1395 2140 illud
1428 2046 1908 2158 euangelicum
1953 2077 2113 2141 date
2144 2082 2214 2139 et
2241 2075 2435 2139 dabi-

331 2179 443 2236 tur
476 2173 704 2237 uobis,
773 2173 934 2252 Qua
967 2175 1053 2239 de
1096 2195 1171 2239 re
1205 2175 1440 2241 infima
1472 2178 1673 2259 quasi
1706 2178 2093 2260 peripsema
2125 2175 2434 2258 quisqui-

332 2270 587 2336 liarum
636 2272 942 2338 abiciens
986 2294 1285 2357 superna
1327 2276 1416 2339 ad
1453 2276 1677 2341 instar
1719 2277 2175 2358 pretiosorum
2220 2275 2439 2337 moni·

333 2370 502 2435 lium
557 2371 771 2437 eliens
820 2375 1121 2438 animum
1184 2376 1618 2458 sempiternis
1666 2376 1739 2439 in
1787 2376 2060 2456 gaudiis
2114 2374 2286 2438 fiens
2353 2374 2440 2436 ad

328 2472 862 2538 nanciscendam
907 2475 1232 2540 melliflue
1275 2476 1657 2541 dulcedinis
1701 2475 2235 2541 misericordiam
2282 2494 2436 2558 per-

325 2571 778 2655 fruendamq:
846 2575 1113 2639 infinite
1171 2543 1411 2640 letitiae
1479 2577 1976 2642 iocunditatem
2041 2596 2171 2657 ego
2237 2576 2431 2659 aepel-

328 2679 576 2736 stanus
639 2692 764 2754 per
816 2642 1347 2757 omnipatrantis
1402 2670 1684 2740 dextam
1740 2678 1936 2791 apice
1995 2677 2209 2741 totius
2264 2675 2435 2739 albi-

329 2772 485 2835 onis
538 2773 946 2838 sublimatus
1001 2774 1486 2858 Circumquaq:
1533 2777 1854 2841 basilicas
1901 2777 1975 2839 in
2026 2775 2282 2839 honore
2325 2775 2434 2849 dei

332 2869 694 2954 Scorumq:
728 2873 1261 2940 eius.dedicatas
1300 2883 1508 2957 prout
1541 2884 1784 2959 potero
1829 2877 1917 2940 ab
1965 2876 2252 2956 antiquo
2296 2874 2435 2937 ritu

329 2971 777 3053 uectigalium
807 2974 1136 3037 redimam
1170 2976 1353 3057 quod
1401 2975 1534 3038 sibi
1566 2977 1702 3040 mei
1731 2982 2201 3039 antecessores
2233 2992 2432 3036 usur-

331 3071 572 3152 patiue
617 3071 1070 3138 decreuerunt
1112 3075 1364 3138 habere
1410 3123 1423 3140 .
1473 3095 1655 3138 nunc
1700 3095 1867 3139 uero
1926 3094 2054 3157 pro
2113 3073 2223 3138 dei
2287 3092 2433 3136 om-

332 3171 714 3253 nipotentis
763 3191 995 3237 amore
1026 3181 1096 3238 et
1139 3176 1341 3238 beate
1382 3173 1453 3237 di
1487 3174 1840 3256 genitricis
1898 3175 2112 3238 marie
2145 3193 2433 3238 uenera-

333 3271 525 3334 tione
564 3290 907 3354 scorumq:
945 3272 1201 3338 omium
1234 3241 1650 3340 auctoritate
1679 3295 1948 3339 necnon
1982 3294 2107 3357 pro
2146 3293 2433 3338 uenera-

328 3370 490 3433 bilis
541 3366 649 3457 epi
687 3372 939 3435 eadulfi
991 3373 1350 3455 placabilis
1397 3375 1688 3482 pecunie
1736 3375 2015 3439 datione
2064 3374 2135 3437 id
2191 3397 2235 3437 ÷
2292 3391 2431 3436 .L.x

332 3469 669 3533 librarum
701 3471 971 3554 argenti
1016 3481 1283 3538 tantam
1312 3473 1632 3538 libertate
1657 3442 2105 3558 episcopatui
2145 3473 2435 3537 cridien-

334 3568 430 3632 sis
476 3569 765 3635 ecclesie
806 3572 1185 3653 perdonare
1230 3574 1652 3638 diiudicaui.
1688 3582 1767 3639 ut
1801 3573 1892 3639 sit
1944 3573 2439 3657 perpetualiter

335 3674 533 3732 tutus
568 3676 712 3751 atq:
732 3637 1064 3736 munitus
1115 3676 1205 3737 ab
1263 3674 1580 3738 omnibus
1631 3675 1993 3739 secularib:
2048 3674 2436 3738 seruitutib:

333 3768 522 3831 fiscis
611 3770 896 3849 regalib:
984 3772 1262 3836 tributis
1346 3774 1658 3838 maiorib:
1742 3781 1814 3837 et
1895 3774 2210 3837 minorib:
2291 3780 2435 3855 atq:

335 3867 902 3950 expeditionalib:
959 3871 1281 3935 uidelicet
1327 3874 1742 3938 taxationib:
1785 3874 2158 3955 omniumq:
2214 3891 2439 3935 rerum

336 3968 470 4030 nisi
522 3966 675 4030 sola
719 3969 1157 4052 expeditione
1202 3977 1273 4034 et
1305 3973 1485 4035 arcis
1536 3973 1941 4037 munitione.
2047 3971 2279 4054 Siquis
2315 3991 2440 4034 au-

338 4075 478 4130 tem
531 4075 692 4149 post
743 4069 872 4132 hoc
927 4070 1221 4133 subdola
1269 4071 1713 4135 cauillatione
1745 4063 2073 4154 deceptus
2128 4076 2439 4133 nostrum

334 4186 473 4229 non
517 4168 1000 4249 perhorrescat
1030 4169 1408 4234 machinari
1458 4171 1809 4236 decretum
1856 4172 2031 4234 sciat
2078 4190 2152 4232 se
2208 4169 2439 4231 nouis-
