3044 5019
832 436 1174 483 cHAR'I'AE
1219 434 1903 483 ANGLOSAonicAn.
2338 403 2426 477 45

307 593 590 676 legatus
636 593 848 675 ipsius
888 592 1147 656 domini
1184 594 1317 655 mei
1361 600 1434 656 et
1458 592 1752 655 filiorum
1797 611 2100 667 suorum,
2147 589 2421 653 nomine

307 694 589 757 illorum
647 701 716 756 et
773 693 1075 755 omnium
1132 692 1750 757 Uuest-Saxonum
1817 691 2000 755 istud
2070 690 2420 771 chirogra-

311 794 526 876 phum
554 792 815 856 domini
844 792 1209 873 Bertulphi
1235 792 1417 874 regis
1445 792 1818 874 plurimum
1851 781 2417 869 commendaui.]¹

321 896 399 974 ›1‹
453 893 617 974 Ego
674 891 1096 974 Bertulphus
1154 912 1279 955 rex
1350 892 1766 955 Merciorum
1820 892 2050 972 palam
2107 890 2423 953 omnibus

313 992 651 1074 praelatis
694 998 764 1055 et
813 993 1208 1073 proceribus
1263 993 1459 1073 regni
1521 992 1678 1067 mei,
1738 991 2039 1054 diuinam
2100 989 2427 1071 deprecor

313 1092 778 1167 maiestatem,
835 1098 1179 1172 quatenus
1237 1111 1360 1173 per
1403 1091 1962 1155 intercessionem
2011 1088 2427 1152 sanctissimi

311 1191 733 1255 confessoris
762 1191 871 1253 sui
899 1191 1122 1253 sancti
1153 1189 1505 1266 Guthlaci,
1545 1190 1985 1271 omniumque
2031 1195 2426 1251 sanctorum

313 1311 598 1354 suorum
653 1290 961 1353 dimittat
1018 1290 1184 1352 mihi
1244 1298 1313 1353 et
1374 1291 1560 1353 omni
1609 1289 1866 1372 populo
1930 1308 2083 1351 meo
2141 1293 2429 1370 peccata

316 1398 604 1469 nostra;
676 1397 746 1452 et
794 1390 972 1452 sicut
1037 1409 1160 1469 per
1209 1397 1451 1472 aperta
1498 1389 1831 1452 miracula
1878 1407 2006 1450 sua
2055 1387 2251 1450 nobis
2316 1404 2429 1448 os-

319 1490 603 1553 tendere
654 1489 982 1569 dignatus
1033 1497 1140 1552 est
1188 1489 1722 1552 misericordiam
1769 1507 1991 1563 suam,
2056 1487 2155 1550 sic
2223 1505 2432 1567 super

317 1608 636 1671 paganos
669 1588 904 1651 hostes
948 1606 1111 1651 suos
1142 1589 1307 1652 dare
1346 1588 1544 1652 nobis
1573 1589 1894 1670 dignetur
1931 1588 2004 1650 in
2050 1585 2238 1650 omni
2282 1605 2428 1649 cer-

320 1689 579 1752 tamine
633 1688 1038 1765 uictoriam;
1103 1696 1174 1751 et
1222 1695 1381 1770 post
1428 1689 1811 1770 praesentis
1877 1687 2064 1749 uitae
2115 1685 2430 1767 fragilem

323 1808 626 1864 cursum,
658 1788 732 1851 in
778 1788 1127 1851 consortio
1156 1794 1554 1851 sanctorum
1598 1807 1878 1852 suorum
1918 1786 2208 1868 gloriam
2254 1804 2432 1848 sem-

322 1889 695 1969 piternam.
798 1884 1045 1950 Amen.

1185 2180 1598 2248 CCLXVI.
1625 2176 1630 2181 ⁴

929 2330 972 2372 *
1017 2329 1663 2407 BERHTUULF,
1708 2329 1857 2393 851.

439 2484 517 2563 ›1‹
575 2478 804 2544 ANNo
878 2478 1260 2544 dominicae
1332 2477 1829 2543 incarnationis
1906 2494 2181 2541 ncccm.
2286 2476 2439 2559 Ego

332 2577 780 2655 Beorhtuulf,
812 2598 938 2641 rex
970 2573 1410 2655 Merciorum,
1440 2598 1622 2642 anno
1663 2595 1828 2642 xm.
1862 2579 2055 2660 regni
2100 2578 2258 2655 mei,
2285 2599 2442 2642 cum

333 2698 683 2744 consensu
727 2685 797 2741 et
840 2679 1126 2743 consilio
1170 2679 1581 2761 optimatum
1628 2697 1933 2740 meorum
1973 2686 2224 2741 terram
2256 2680 2440 2741 mum.

333 2789 796 2854 cassatorum,
857 2779 944 2841 ab
1002 2778 1244 2842 incolis
1300 2785 1522 2842 terrae
1584 2776 1985 2841 Grimanlea
2042 2778 2441 2853 uocitatam,

336 2899 457 2961 pro
498 2877 812 2943 remedio
856 2878 1125 2941 animae
1167 2897 1383 2955 meae,
1417 2877 1791 2941 aecclesiae
1842 2883 2123 2939 sanctae
2167 2877 2277 2939 dei
2323 2896 2442 2957 ge-

334 2980 601 3044 nitricis
658 2977 927 3041 Mariae
973 2977 1046 3040 in
1078 2977 1707 3059 Uuigornaceastre
1757 2975 1844 3038 ad
1884 2975 2110 3038 uictus
2155 2976 2447 3038 fratrum

334 3078 403 3140 in
427 3079 549 3143 illo
582 3076 1010 3140 monasterio
1039 3076 1169 3140 deo
1212 3077 1681 3153 seruientium,
1708 3075 2201 3158 perpetualiter
2228 3075 2450 3157 possi-

335 3177 643 3242 dendam
673 3173 1018 3255 conced03
1068 3196 1356 3259 eamque
1404 3177 1689 3239 liberam
1748 3184 1817 3240 et
1863 3175 2251 3239 absolutam
2299 3194 2449 3238 esse

335 3278 519 3355 uolo,
574 3283 655 3341 et
705 3276 1077 3358 praecipio,
1125 3278 1212 3338 ab
1260 3276 1445 3339 omni
1494 3275 1804 3339 humano
1825 3274 2132 3352 seruitio,
2179 3275 2450 3356 magnis

340 3379 597 3454 causis,
634 3375 944 3452 modiciS,
974 3382 1247 3457 praeter
1274 3375 1505 3458 pontis
1547 3375 2094 3452 instructionem,
2125 3382 2196 3438 et
2226 3374 2452 3457 publi-

339 3496 488 3540 cam
529 3474 1076 3557 expeditionem,
1107 3482 1178 3538 et
1206 3475 1556 3555 singulare
1601 3475 1940 3556 praetium
1969 3482 2210 3537 contra
2240 3473 2446 3537 alium

340 3577 572 3640 soluat
602 3596 620 3639 ε
669 3573 843 3637 haec
883 3574 1168 3638 libertas
1205 3575 1398 3638 firma
1423 3574 1486 3637 ei
1511 3574 1586 3637 in
1614 3583 2012 3658 perpetuam
2053 3581 2454 3655 permaneat

340 3675 869 3740 haereditatem.
982 3673 1071 3737 Et
1099 3675 1159 3737 si
1188 3675 1342 3757 quis
1373 3675 1552 3738 hanc
1582 3673 1891 3738 nostram
1918 3673 2451 3737 munificentiam

345 3776 663 3857 abripere
712 3773 822 3835 uel
869 3772 1174 3836 minuere
1222 3775 1688 3856 temptauerit,
1721 3773 2336 3837 anathematizetur
2388 3781 2458 3836 et

345 3875 764 3957 dampnetur
796 3891 837 3935 a
867 3871 995 3936 deo
1026 3873 1479 3955 omnipotenti
1494 3874 1568 3936 in
1596 3873 1705 3935 die
1734 3873 1966 3936 iudicii
1994 3893 2148 3936 cum
2174 3872 2457 3936 Dathan

349 3982 416 4037 et
462 3973 768 4048 Abiron,
819 3979 889 4035 et
946 3991 1100 4034 cum
1153 3972 1331 4035 Iuda
1378 3972 1727 4055 proditore
1768 3972 2065 4051 domini3
2112 3979 2214 4046 ut,
2277 3972 2457 4033 sicut

346 4074 502 4137 illos
530 4075 713 4137 duos
748 4071 1065 4136 uiuentes
1091 4071 1447 4136 dehiscens
1495 4071 1681 4136 terra
1723 4071 2115 4155 deglutiuit,
2145 4068 2457 4171 tertium-

1107 4226 1124 4260 ¹
1149 4230 1390 4292 Wanting
1410 4231 1463 4278 in
1484 4230 1570 4279 the
1595 4231 1709 4279 MS.
