3044 5019
854 375 1194 422 anR‘rAE
1240 375 1921 424 AnonoSAxochna
2347 363 2437 426 65

333 532 513 596 tibus
555 533 647 596 ab
670 530 1037 597 ‚occidente
1077 533 1411 617 cyninges
1460 533 1762 597 folcland
1807 547 1865 611 ς,
1909 534 2071 597 abet
2112 532 2432 617 wighelm

330 653 374 721 7
418 605 697 696 wulflas'
746 633 835 696 ab
891 624 1154 714 aq¹lone
1216 631 1520 696 cubrices
1584 634 1729 696 dun
1789 632 2285 715 heregebeland
2345 637 2433 698 ab

335 732 592 796 oriente
642 728 1045 813 wighelmes
1106 732 1270 795 land
1336 752 1380 796 a
1446 733 1713 796 meritie
1773 734 2085 816 biscepes
2137 733 2301 797 land
2358 741 2434 798 to

336 838 477 894 cert
514 879 530 896 .
553 849 609 895 11
644 879 662 896 .
704 851 772 914 q:
809 832 1067 895 molina
1101 831 1190 894 ad
1234 831 1424 895 illam
1469 832 1754 896 eandem
1798 839 2054 896 terram
2095 829 2434 918 'ptinentia

334 949 469 993 una
516 950 609 995 an
660 930 1219 1012 wassingwellan
1266 930 1405 994 alia
1454 950 1545 993 an
1597 931 2049 995 hwiteceldan
2096 931 2222 995 hec
2270 939 2435 996 sunt

335 1048 592 1111 pascua
653 1049 1023 1114 porcorum
1094 1036 1264 1111 quot
1336 1036 1578 1094 nostra
1644 1030 1885 1111 lingua
1957 1030 2255 1094 denbera
2307 1051 2431 1095 no-

336 1130 675 1193 minamus
759 1129 890 1192 hoc
954 1146 989 1192 ἦ
1049 1128 1595 1192 lamburnanden
1675 1128 2066 1193 orricesden
2129 1129 2435 1210 teligden

336 1227 886 1293 stanehtandenn
919 1235 992 1291 et
1010 1226 1136 1290 illa
1165 1228 1346 1291 silua
1378 1228 1754 1310 sandhyrst
1786 1222 2096 1291 nominat
2122 1248 2189 1310 q:
2214 1226 2436 1315 §tinet

337 1334 405 1391 to
436 1326 997 1410 wassingwellan
1026 1326 1275 1409 hancq:
1311 1327 1703 1391 liuertatem
1747 1326 1907 1390 huic
1951 1326 2190 1390 eodem
2244 1328 2434 1408 agel-

336 1425 473 1491 lulo
530 1420 656 1491 illo
720 1447 789 1511 q:
844 1425 1121 1490 wullafe
1184 1426 1499 1490 similiter
1550 1433 1621 1490 et
1673 1426 2226 1509 wassingwellan
2278 1445 2434 1490 cum

338 1545 675 1591 consensu
728 1546 810 1590 ac
859 1526 1140 1615 licentia
1189 1526 1426 1589 meorii
1476 1526 1889 1608 optimatum
1945 1525 2240 1590 liuenter
2294 1525 2434 1589 lar-

339 1626 519 1706 gitus
555 1647 715 1690 sum
746 1632 826 1689 ut
860 1624 1164 1689 omnium
1208 1624 1546 1707 regalium
1593 1625 1925 1688 tributum
1978 1633 2049 1689 et
2097 1625 2171 1688 ui
2225 1645 2434 1691 exac-

339 1730 560 1789 torum
590 1745 878 1808 operum
911 1731 982 1788 et
1008 1722 1357 1807 penalium
1387 1726 1546 1787 retii
1579 1723 1945 1807 principali
1970 1724 2436 1789 dominatione

339 1823 574 1908 furisq:
644 1823 1226 1906 conprehensione
1289 1829 1360 1886 et
1410 1831 1661 1886 cuncta
1728 1822 2023 1886 seculari
2078 1823 2437 1904 grauidine

342 1924 528 2007 absq:
568 1923 1012 2007 expeditione
1046 1922 1198 1986 sola
1232 1929 1302 1986 et
1336 1923 1652 2004 pontium
1687 1929 2037 1986 structura
2071 1928 2142 1985 et
2175 1923 2436 1986 arcium

341 2024 772 2088 munitionib:
811 2040 1056 2086 secura
1103 2028 1174 2085 et
1224 2022 1522 2085 inmunis
1558 2019 1882 2108 iJ‘maneat
1917 2068 1930 2082 .
1970 2022 2029 2085 si
2072 2019 2120 2084 k
2172 2014 2331 2103 aliq¹
2380 2049 2438 2114 q⁵

342 2123 520 2187 absit
547 2121 906 2186 diabolika
938 2120 1179 2184 fraude
1207 2120 1534 2202 deceptus
1562 2128 1632 2185 et
1658 2120 2006 2184 mundana
2036 2120 2438 2202 cupiditatae

342 2221 636 2287 inlectus
670 2222 799 2287 hoc
830 2220 1204 2303 infringere
1236 2217 1268 2281 1*
1301 2220 1571 2283 irritum
1605 2220 1830 2284 facere
1871 2220 2228 2283 conauerit
2261 2220 2441 2283 sciat

342 2340 415 2386 se
477 2342 523 2386 a
588 2321 1024 2386 consortione
1085 2318 1522 2383 katholicorii
1587 2326 2029 2402 segregatum
2090 2325 2161 2382 et
2207 2319 2280 2381 in
2327 2317 2439 2382 die

344 2422 577 2504 magni
612 2421 973 2485 ae'xaminis
1019 2418 1295 2502 quando
1341 2419 1493 2482 celsi
1539 2426 1610 2483 et
1659 2427 1843 2483 terra
1891 2411 2173 2482 mouent
2206 2436 2439 2481 coram

345 2518 479 2608 x'po
507 2529 585 2586 ‘et
618 2523 929 2587 exercitu
960 2520 1196 2584 celesti
1230 2519 1362 2582 nisi
1397 2526 1561 2583 ante
1605 2519 2072 2583 emendauerit
2100 2518 2439 2582 rationem

346 2621 767 2685 redditurum
819 2639 992 2684 esse.
1030 2619 1308 2683 hactum
1355 2625 1465 2682 est
1505 2616 1555 2682 k
1599 2638 1780 2683 anno
1824 2618 2069 2683 domiic
2119 2618 2438 2681 incarna-

348 2720 553 2784 tionis
608 2768 624 2785 .
648 2736 1016 2784 DcchUnl
1043 2766 1058 2782 .
1104 2717 1479 2782 indictione
1526 2736 1603 2783 Ul
1635 2767 1652 2785 .
1700 2719 1808 2782 his
1857 2717 2090 2790 testib:
2151 2736 2437 2780 consen-

345 2819 673 2883 tientibus
737 2838 820 2884 ac
885 2817 1471 2883 conscribentibus
1528 2818 1689 2900 ffq⁰ri⁴1
1752 2817 1863 2880 hic
1926 2816 2206 2880 nomina
2261 2815 2442 2880 infra

345 2912 693 2983 karaxant

430 3017 556 3081 hec
600 3024 766 3082 sunt
813 3023 1016 3100 prata
1064 3023 1137 3079 to
1174 3014 1729 3097 wassingwellan
1779 3014 2087 3079 stocmed
2121 3012 2315 3077 healf
2354 3014 2441 3077 be

349 3115 604 3181 norban
639 3116 968 3198 hegforde
998 3116 1083 3179 be
1119 3116 1511 3178 sturemeda
1544 3134 1667 3178 sue
1699 3112 1817 3180 ber
1852 3121 1924 3179 to
1958 3112 2235 3197 limpass.

456 3219 533 3299 ›1‹
576 3236 710 3298 ego
744 3213 1133 3279 ebelbearht
1166 3235 1290 3278 rex
1322 3214 1500 3277 hanc
1545 3234 1767 3278 meam
1810 3214 2250 3280 donationem
2284 3232 2441 3277 cum

349 3315 544 3397 signo
578 3317 694 3380 sce
729 3315 951 3378 crucis
985 3312 1103 3401 Xf’i
1135 3333 1480 3377 rouorauo
1515 3320 1587 3377 et
1615 3314 1994 3379 subscribo.

454 3419 534 3498 »Β
579 3436 712 3497 ego
743 3413 1048 3479 ebelmod
1082 3414 1226 3477 dux
1260 3413 1333 3477 οξ
1363 3435 1407 3503 7
1439 3413 1517 3475 sb
1550 3413 1657 3476 sc?

456 3503 544 3598 >1⁴⁸
578 3535 710 3597 ego
746 3513 1108 3590 eastmund
1140 3512 1514 3595 pedesecus
1538 3513 1612 3578 ΟΞ
1645 3533 1691 3604 7
1721 3511 1801 3576 sb
1834 3512 1941 3576 sc?

455 3618 532 3698 ›1‹
577 3634 710 3696 ego
741 3613 991 3677 wullaf
1010 3613 1084 3677 :ss
1112 3635 1156 3703 7
1191 3610 1270 3674 sb
1305 3611 1430 3704 sc?

452 3716 532 3795 »Β
576 3733 709 3794 ego
743 3711 981 3776 ebered
1012 3713 1087 3777 οέ
1117 3734 1161 3802 7
1190 3711 1269 3774 sb
1303 3710 1409 3773 sc?

454 3816 534 3895 »Β
579 3832 711 3894 ego
745 3808 1026 3893 sigenob
1058 3811 1131 3875 a}
1161 3833 1205 3901 7
1237 3808 1316 3874 sb
1347 3809 1455 3872 sci‘

454 3915 534 3994 »Β
580 3931 713 3993 ego
743 3910 1137 3992 beagmund
1169 3910 1243 3975 οξ
1277 3931 1321 3999 7
1354 3910 1433 3972 sb
1466 3909 1574 3972 sc?

453 4013 533 4092 »Β
578 4031 709 4094 ego
742 4031 856 4076 ese
888 4010 962 4075 οξ
992 4033 1036 4101 7
1071 4010 1149 4073 s'b
1184 4009 1290 4072 sc?

455 4114 532 4194 ›1‹
577 4131 720 4193 ego.
742 4111 886 4175 dun
911 4109 985 4175 οξ
1016 4132 1060 4200 7
1086 4110 1165 4173 sb
1199 4109 1310 4172 sc?

444 4228 615 4274 TOM.
647 4229 726 4276 11.
2098 4220 2135 4261 F
