3044 5019
575 395 708 461 430
1096 412 1442 460 anR'rAss
1486 408 2170 458 AnemsAxochn.

577 582 720 626 vm.
788 559 971 632 Quod
1025 561 1237 624 Sancti
1288 561 1558 643 Spiritus
1606 561 1820 643 qratia
1876 568 2250 642 compunctus
2306 559 2576 621 abbatem
2635 567 2693 619 et

968 647 1283 710 monachos
1312 649 1376 708 in
1405 667 1558 709 nouo
1586 647 1890 708 constituit
1915 647 2289 708 monasterio.

683 773 844 838 Hac
874 773 1109 854 itaque
1134 773 1403 836 ratione
1426 771 1665 835 Sancti
1688 770 1987 854 Spiritus
2036 778 2339 836 attactus
2382 770 2686 848 fiamine,

578 874 809 937 locum
853 872 1115 937 domini
1166 871 1506 936 mundans
1539 870 2041 935 wintoniensis
2090 870 2468 935 aecclesiae
2519 871 2687 934 noui

578 973 981 1037 monasterii
1014 972 1443 1036 arcisterium
1474 978 1713 1034 nostro
1762 971 2099 1036 saluatori
2142 971 2425 1052 eiusque
2475 990 2686 1051 gene-

585 1073 744 1138 trici
786 1091 1060 1155 semper
1087 1072 1344 1153 uirgini
1380 1069 1652 1134 Mariae
1685 1078 1757 1135 et
1784 1071 2100 1135 omnibus
2146 1070 2507 1153 apostoIiS,
2537 1090 2693 1133 cum

580 1174 872 1237 caeteris
907 1171 1195 1248 sanctiS‚
1222 1171 1529 1235 dicatum
1559 1163 1971 1235 restauraui.
2051 1170 2290 1234 Sciens
2324 1170 2685 1252 scriptum,

581 1271 1113 1336 Consentientes
1164 1277 1235 1334 et
1281 1269 1614 1334 facientes
1655 1270 1809 1352 pari
1862 1271 2435 1351 constringuntur
2460 1288 2688 1350 poena

583 1372 975 1436 rebellionis
1029 1370 1520 1452 omnipotentis
1571 1370 1919 1434 uoluntati
1974 1370 2359 1445 obuianteS,
2410 1388 2687 1451 posses-

581 1472 846 1535 sionem
879 1470 1138 1534 domini
1172 1487 1509 1551 usurpare
1543 1488 1685 1533 non
1731 1468 2109 1548 sustinens,
2159 1469 2443 1533 clericos
2478 1468 2684 1532 lasci-

580 1571 852 1635 uientes
885 1570 1134 1652 repuli,
1179 1587 1262 1631 ac
1290 1586 1495 1632 ueros
1544 1569 1657 1655 dei
1688 1568 1990 1633 cultores
2025 1567 2426 1632 monachico
2458 1568 2684 1649 gradu

581 1669 976 1752 fungenteS,
1038 1668 1158 1752 qui
1202 1688 1328 1751 pro
1373 1668 1631 1732 nostris
1674 1675 2204 1751 nostrorumque
2242 1667 2409 1730 inibi
2449 1666 2681 1750 quies-

581 1771 883 1836 centium
917 1766 1318 1833 excessibus
1358 1767 1603 1831 sedulo
1641 1767 2147 1832 intercederent
2197 1766 2506 1843 seruitio,
2543 1786 2681 1850 quo

583 1889 818 1933 eorum
853 1866 1458 1933 intercessionibus
1499 1868 1719 1931 nostri
1754 1867 2106 1950 regiminis
2143 1873 2373 1931 status
2411 1866 2683 1947 uigeret

582 1970 916 2044 munitus,
975 1967 1320 2044 abbatem,
1371 1966 1653 2031 Christo
1705 1974 2142 2050 cooperante,
2191 1966 2456 2046 eligens
2525 1965 2684 2030 alti·

580 2066 831 2131 throno
871 2067 1224 2131 subieetus
1269 2065 1412 2130 illie
1457 2065 1709 2132 deuote
1749 2067 2088 2132 ordinaui.
2194 2065 2356 2129 Hoc
2390 2066 2685 2129 subnixe

582 2165 970 2249 efflagitans
1017 2165 1339 2246 deposco,
1384 2173 1465 2229 ut
1504 2165 1694 2248 quod
1728 2166 1802 2230 in
1841 2166 1989 2230 suis
2029 2167 2167 2249 egi,
2212 2166 2343 2231 hoc
2390 2172 2559 2246 agat
2613 2166 2686 2227 in

581 2266 750 2333 mihi
793 2267 882 2331 ab
912 2267 1064 2349 ipso
1100 2265 1434 2344 conlatis;
1481 2265 1746 2329 scilicet
1777 2266 2210 2331 aduersarios
2247 2272 2525 2329 nostros
2559 2264 2679 2328 de-

582 2367 846 2443 iiciens,
878 2366 1137 2429 amieos
1160 2364 1599 2429 sublimando
1628 2365 1996 2446 prouehat,
2026 2373 2105 2429 ut
2131 2365 2446 2429 inimicos
2478 2383 2681 2428 sanc-

582 2473 697 2533 tae
748 2465 859 2531 dei
919 2463 1295 2530 aecclesiae
1357 2464 1771 2548 deprimens,
1817 2464 2076 2531 amicos
2120 2466 2266 2531 eius
2305 2463 2681 2531 monachos

586 2566 909 2633 uidelicet
938 2565 1344 2630 beatificans
1370 2565 1771 2629 iustificaui.

712 2749 801 2791 lx.
853 2727 956 2791 De
986 2732 1225 2794 illorum
1252 2733 1628 2794 anathemate
1656 2735 1762 2817 qui
1790 2734 2095 2796 monachis
2123 2734 2510 2796 insidiantur.

683 2854 758 2917 Si
808 2862 1041 2919 autem
1106 2854 1416 2936 qualibet
1480 2857 1866 2934 occasione,
1932 2858 2207 2923 diabolo
2271 2860 2673 2940 instigante,

581 2954 955 3035 contigerit
1013 2961 1094 3017 ut
1154 2954 1339 3018 fastu
1407 2957 1868 3038 superbientis
1931 2959 2372 3039 arrogantiae
2432 2959 2679 3024 deiecti

582 3055 896 3119 canonici
962 3054 1454 3120 monachorum
1518 3076 1826 3137 gregem,
1883 3077 2086 3140 quem
2161 3077 2290 3139 ego
2338 3078 2677 3123 uenerans

583 3172 738 3217 eum
768 3161 1047 3235 pastore
1078 3153 1151 3217 in
1180 3154 1289 3217 dei
1321 3155 1650 3219 constitui
1697 3157 2156 3237 possessione,
2187 3157 2478 3222 deiicere
2509 3160 2677 3223 insi-

582 3252 836 3315 diando
887 3252 1275 3319 noluerint:
1342 3262 1597 3334 agatur
1640 3255 1726 3319 de
1779 3257 1879 3319 eis
1927 3264 1997 3320 et
2045 3257 2131 3321 de
2175 3259 2513 3335 omnibuS,
2558 3261 2679 3342 qui

584 3351 893 3434 quolibet
914 3370 1193 3415 munere
1212 3354 1474 3417 caecati
1500 3354 1825 3418 iuuamen
1859 3357 1959 3419 eis
1980 3357 2463 3439 impenderint,
2491 3361 2675 3441 quod

584 3458 817 3515 actum
850 3460 958 3515 est
989 3451 1074 3515 de
1107 3452 1375 3532 angelis
1421 3455 1978 3536 superbientibus
2022 3464 2093 3520 et
2126 3457 2212 3520 de
2246 3458 2678 3539 protoplasto

584 3550 841 3615 diaboli
874 3551 1112 3615 fraude
1160 3552 1471 3630 seductO,
1520 3560 1601 3617 ut
1645 3554 1949 3636 paradisi
1991 3555 2315 3621 uidelicet
2342 3557 2675 3622 limitibus

583 3650 1034 3733 sublimisque
1064 3652 1260 3732 regni
1300 3652 1649 3716 coelorum
1689 3654 2021 3718 sedilibus
2061 3657 2285 3734 eiecti,
2330 3677 2486 3720 cum
2518 3657 2675 3737 hiis,

586 3749 706 3830 qui
735 3749 993 3813 domini
1023 3751 1433 3817 famulatum
1466 3761 1913 3835 aspernentes
1942 3763 2528 3840 contempserunt,
2552 3760 2675 3822 ba-

583 3850 802 3915 rathri
837 3850 1170 3915 incendiis
1212 3851 1475 3915 detrusi
1508 3853 1657 3934 iugi
1684 3854 2077 3918 crucientur
2118 3857 2419 3921 miseria.
2525 3857 2677 3924 Nec
2706 3926 2711 3933 ,

583 3950 742 4013 inde
774 3949 999 4014 euulsi
1034 3970 1109 4014 se
1163 3950 1546 4030 glorientur
1593 3954 1902 4018 euasisse
1950 3962 2319 4034 tormenta,
2368 3956 2490 4020 sed
2523 3977 2680 4023 cum

587 4048 769 4117 Iuda
801 4048 1061 4115 Christi
1088 4050 1463 4131 proditore,
1494 4052 1780 4134 eiusque
1812 4055 2259 4136 complicibus
2282 4054 2680 4122 Acheronte

583 4149 1069 4230 conglutinati,
1102 4149 1356 4230 frigore
1387 4150 1783 4231 stridenteS,
1805 4153 2074 4218 feruore
2102 4157 2389 4235 perusti,
2413 4155 2683 4223 laetitia

580 4248 865 4329 priuati,
916 4268 1227 4337 moerore
1278 4251 1496 4329 anxii,
1555 4254 1818 4317 catenis
1852 4253 2075 4335 igneis
2115 4255 2512 4337 compediti,
2555 4258 2682 4323 lic-
