3044 5019
610 416 741 480 280
1072 433 1414 481 CHARTAE
1460 432 2143 481 ANGLOSAXONJOAE.

1438 689 1874 754 ccccxx.

1323 839 1366 880 *
1395 809 1834 914 EADRED,
1879 836 2030 901 948.

733 986 811 1066 >1⁴
846 983 1010 1047 PAx
1072 985 1144 1047 in
1207 1004 1514 1048 summae
1570 985 1935 1048 Trinitatis
1988 983 2286 1059 nomine,
2343 983 2602 1061 Patris,
2651 992 2717 1048 et

632 1083 785 1146 Filii
831 1092 901 1147 et
951 1084 1250 1166 Spiritus
1303 1085 1568 1161 Sancti,
1613 1083 1877 1148 Amen!
1984 1084 2135 1165 Ego
2190 1084 2549 1147 Eadredus
2599 1104 2718 1147 rex

622 1191 934 1247 terrenus
973 1186 1101 1247 sub
1154 1185 1493 1266 imperiali
1539 1185 1852 1265 potentia
1894 1184 2078 1265 regis
2129 1184 2562 1246 saeculorum
2607 1203 2719 1247 ae—

624 1290 1032 1365 ternumque
1104 1284 1435 1366 principis
1506 1303 1799 1366 magnae
1865 1283 2272 1346 Britanniae
2345 1285 2720 1364 temporale

623 1402 871 1463 gerens
921 1384 1305 1465 imperium,
1359 1384 1700 1447 uniuersis
1746 1383 2139 1446 christianis
2196 1390 2340 1446 tam
2389 1401 2716 1465 praesen—

624 1483 808 1545 tibus
872 1502 1082 1564 quam
1145 1484 1464 1564 posteriS,
1531 1482 1777 1546 salutis
1830 1483 2238 1545 beneficium
2299 1484 2371 1546 in
2435 1483 2727 1547 authore

623 1580 891 1644 salutiS.
998 1581 1219 1645 Uobis
1271 1583 1535 1664 liqueat
1578 1584 1918 1658 omnibuS,
1974 1582 2157 1664 quod
2223 1601 2347 1663 per
2401 1581 2725 1646 deuotam

623 1682 1138 1762 suggestionem
1211 1689 1279 1745 et
1356 1681 1783 1764 frequentem
1865 1683 2424 1763 prouocationem
2496 1682 2732 1746 dilecti

626 1781 857 1844 clerici
918 1788 988 1844 et
1045 1781 1325 1863 cognati
1374 1782 1507 1844 mei
1571 1781 1938 1844 Turketuli
1992 1781 2160 1844 mihi
2185 1820 2190 1825 -
2212 1781 2465 1845 factam
2519 1802 2729 1864 super

625 1880 1085 1962 reparatione,
1150 1882 1675 1957 restauratione,
1733 1900 1815 1944 ac
1874 1881 2192 1944 libertate
2245 1890 2729 1945 sacrosanctae

626 1979 997 2043 aecclesiae
1047 1987 1117 2043 et
1152 1980 1552 2044 monasterii
1586 1979 2144 2063 croylandensis,
2185 1981 2258 2043 in
2301 2000 2440 2063 qua
2480 2001 2722 2044 recon-

627 2079 814 2142 ditae
873 2087 1037 2143 sunt
1100 2080 1430 2162 reliquiae
1477 2081 1699 2143 sancti
1764 2078 2119 2157 Guthlaci,
2183 2079 2598 2143 confessoris
2660 2088 2730 2144 et

627 2179 1050 2255 anchoritae,
1080 2199 1219 2242 non
1261 2179 1604 2243 modicum
1640 2180 1963 2243 condolui
2008 2187 2078 2243 et
2116 2198 2519 2261 compassus
2550 2199 2727 2258 sum,

628 2285 771 2341 tam
841 2299 967 2361 pro
1044 2279 1577 2362 depopulatione
1650 2286 1933 2342 sanctae
2008 2280 2249 2343 matris
2332 2280 2730 2357 aecclesiae,

629 2398 836 2460 quam
888 2399 1014 2461 pro
1063 2379 1516 2443 minoratione
1571 2379 2054 2442 beneficiorum
2092 2379 2554 2460 spiritualium
2607 2400 2732 2462 pro

630 2478 989 2543 animabus
1047 2479 1564 2560 progenitorum
1640 2499 1947 2544 meorum
2010 2498 2134 2561 per
2192 2498 2404 2562 opera
2465 2480 2730 2544 miseri—

628 2579 902 2642 cordiae
962 2579 1432 2660 multipliciter
1485 2586 1556 2643 et
1602 2579 1995 2661 frequenter
2040 2580 2550 2661 impensorum3
2617 2601 2723 2644 re-

631 2677 863 2741 colens
916 2679 1013 2741 ibi
1064 2680 1469 2742 coenobium
1526 2680 1882 2760 nigrorum
1922 2678 2413 2742 monachorum
2471 2680 2730 2744 ordinis

630 2779 855 2843 sancti
887 2778 1246 2852 Benedicti
1283 2799 1327 2842 a
1370 2779 1584 2843 nobili
1629 2799 1789 2860 rege
1837 2778 2280 2855 Merciorum,
2313 2777 2727 2844 Ethelbaldo

628 2879 926 2955 nomine,
960 2879 1306 2961 quondam
1352 2877 1692 2942 Alwionis
1736 2878 1877 2942 filio
1924 2897 2074 2941 esse
2108 2878 2496 2955 fundatum,
2532 2878 2727 2942 afflu-

630 2985 823 3042 enter
852 2979 1170 3056 ditatum,
1215 2985 1285 3042 et
1328 2979 1676 3060 regalibus
1711 2977 2093 3060 priuilegiis
2138 2976 2555 3041 sufficienter
2580 2998 2730 3041 mu-

631 3078 874 3154 nitum,
920 3085 1000 3141 ut
1040 3097 1163 3159 per
1209 3079 1705 3159 inspectionem
1751 3085 2098 3142 cartarum
2144 3077 2448 3141 eiusdem
2493 3077 2732 3142 Ethel-

630 3177 815 3240 baldi
848 3177 936 3240 ad
986 3177 1425 3241 securitatem
1473 3178 1812 3241 dictorum
1855 3177 2348 3241 monachorum
2391 3179 2730 3260 composi-

632 3284 883 3351 tarum,
920 3277 1090 3339 satis
1123 3284 1273 3340 erat
1318 3277 1605 3341 consilio
1656 3297 1809 3340 meo
1855 3277 2303 3340 declaratum.
2410 3276 2545 3339 Sed
2574 3284 2733 3359 post

633 3376 1004 3440 multorum
1050 3383 1433 3457 temporum
1478 3376 1824 3439 curricula
1867 3396 1991 3458 per
2034 3395 2467 3458 paganorum
2503 3378 2731 3457 [exer-

633 3470 900 3557 citum]¹
931 3482 1081 3539 erat
1098 3475 1559 3552 deuastatum,
1584 3482 1654 3538 et
1680 3495 1837 3538 cum
1858 3475 2172 3538 omnibus
2203 3476 2627 3539 ornamentis
2663 3484 2731 3539 et

630 3576 1067 3639 monimentis
1108 3575 1600 3657 compluribuS,
1645 3575 1807 3656 igne
1853 3581 2229 3638 crematum
2266 3581 2336 3638 et
2365 3594 2730 3658 consump-

631 3683 800 3739 tum.
908 3674 1048 3738 Ubi
1097 3674 1492 3756 praedictus
1543 3674 1994 3750 TurketuluS,
2048 3674 2166 3756 qui
2216 3674 2419 3737 iuxta
2472 3676 2729 3756 psalm-

631 3775 807 3838 istae
853 3794 1091 3838 uocem
1136 3774 1634 3857 propheticam,
1679 3774 1848 3837 Odit
1891 3773 2295 3837 aecclesiam
2343 3774 2729 3855 malignan-

631 3874 828 3951 tium,
862 3881 932 3937 et
963 3874 1208 3937 dilexit
1241 3874 1557 3938 decorem
1590 3874 1833 3938 domus
1871 3873 2150 3950 domini,
2183 3874 2438 3956 pioque
2487 3876 2731 3937 stimu-

630 3974 816 4037 latus
858 3973 1220 4050 desideri0,
1253 3973 1514 4059 dictum
1558 3972 1962 4037 coenobium
2005 3992 2326 4055 reparare
2371 3981 2442 4038 et
2471 3974 2734 4037 reaedi-

635 4074 841 4137 ficare
884 4093 1313 4154 summopere
1352 4073 1654 4137 molitur.
1763 4072 1903 4135 Hic
1951 4072 2154 4136 homo
2202 4073 2479 4137 diuinae
2511 4073 2732 4137 chari-

1290 4220 1305 4252 ¹
1343 4224 1582 4285 Wanting
1603 4224 1655 4271 in
1679 4224 1792 4274 MS.
1816 4224 2070 4274 Arundel.
