3044 5019
836 412 1180 463 CHARTAE
1226 406 1912 463 ANGLOSAXONI'OA'E.
2297 390 2432 479 253

310 588 539 634 meam
596 571 1038 635 donationem
1093 571 1206 635 uel
1260 566 1700 635 deuotionem
1760 572 2118 653 ampliare,
2167 580 2238 636 et
2281 568 2422 655 pri-

313 671 557 752 -uilegii
602 671 1015 753 dignitatem
1054 690 1334 735 seruare
1384 664 1747 753 satagerit.
1796 671 1870 734 in
1905 672 2036 735 hoc
2074 674 2423 754 praesenti

239 812 248 823 ·
312 770 622 848 saeculo,
668 771 819 834 uita
867 771 1057 834 illius
1111 789 1446 854 prospera
1494 772 1611 846 sit,
1654 778 1724 834 et
1763 766 2207 852 longiturnae
2239 773 2427 835 uitae

317 870 581 952 gaudia
637 876 892 934 teneat.
998 869 1074 933 Si
1139 871 1295 953 quis
1372 874 1606 933 autem
1666 871 1946 953 propria
2012 872 2426 948 temeritate,

318 968 664 1033 uiolenter
689 969 1016 1033 inuadere
1050 970 1521 1052 temptauerit,
1567 970 1744 1034 sciat
1776 987 1874 1046 se,
1915 970 2154 1053 procul
2193 971 2429 1048 dubio,

322 1075 485 1133 ante
547 1069 853 1132 tribunal
906 1068 1204 1132 districti
1266 1068 1515 1133 iudicis
1564 1070 1982 1133 titubantem
2036 1073 2427 1133 tremebun-

322 1169 624 1250 dumque
669 1169 1010 1232 rationem
1054 1168 1506 1245 redditurum,
1547 1169 1680 1231 nisi
1732 1167 1925 1250 prius
1970 1168 2185 1251 digna
2222 1160 2432 1233 satis-

319 1268 626 1331 factione
692 1268 1057 1331 emendare
1128 1267 1471 1331 maluerit.
1582 1265 1767 1331 Acta
1832 1275 1939 1332 est
2004 1275 2236 1331 autem
2303 1269 2431 1332 hu·

317 1369 436 1431 ius
498 1367 849 1450 priuilegii
912 1368 1172 1449 pagina
1244 1385 1426 1430 anno
1485 1366 1869 1431 dominicae
1933 1367 2432 1432 incarnationis

320 1467 850 1549 nongentesimo
918 1466 1450 1548 quadragesimo
1515 1472 1792 1548 quarto,
1867 1467 2241 1532 indictione
2318 1488 2434 1532 se-

325 1567 576 1631 cunda.
766 1572 773 1579 '

439 1667 517 1748 »14
548 1666 702 1748 Ego
731 1664 1180 1729 Eadmundus
1217 1684 1344 1729 rex
1375 1664 1767 1747 Anglorum
1803 1667 2185 1748 praefatam
2217 1666 2436 1735 dona-

326 1766 609 1845 tionem,
655 1785 811 1830 cum
862 1765 1093 1846 sigillo
1154 1772 1437 1829 sanctae
1489 1766 1737 1841 crucis,
1804 1767 2227 1833 confirmaui.
2342 1773 2422 1853 »14

321 1865 487 1946 Ego
541 1864 815 1929 Eadred
867 1865 1172 1929 ciusdem
1216 1865 1402 1945 regis
1453 1863 1670 1927 frater
1719 1867 2058 1930 consensi.
2170 1870 2248 1951 »14
2279 1869 2433 1951 Ego

332 1965 655 2047 Eadgiua
689 1965 993 2028 eiusdem
1026 1964 1210 2044 regis
1253 1972 1473 2029 mater
1510 1963 1939 2046 praedictum
1980 1966 2234 2031 donum
2267 1989 2434 2032 con·

322 2064 630 2145 signaui.
745 2067 823 2145 »14
854 2064 1008 2145 Ego
1055 2062 1233 2138 oda,
1289 2063 1841 2128 Dorobernensis
1887 2067 2266 2132 aecclesiae
2324 2088 2435 2131 ar·-

326 2163 837 2246 chiepiscopuS,
870 2163 1173 2227 eiusdem
1224 2164 1408 2244 regis
1447 2163 1887 2226 donationem
1939 2185 2096 2229 cum
2145 2168 2436 2250 tropheo

327 2264 534 2344 agiae
586 2263 810 2327 crucis
864 2262 1248 2326 subarraui.
1361 2266 1439 2344 »14
1474 2262 1629 2343 Ego
1676 2262 2119 2328 Wulfstanus
2172 2268 2435 2330 archie-

336 2362 663 2447 piscopus
716 2362 1101 2444 praefatam
1147 2361 1589 2425 donationem
1625 2362 2054 2427 confirmaui.
2168 2366 2246 2447 »14
2286 2366 2439 2447 Ego

335 2462 495 2525 AElf
495 2461 673 2525 heah
701 2461 1202 2527 Wintoniensis
1237 2461 1611 2527 aecclesiae
1655 2462 2020 2545 episcopus
2053 2464 2442 2549 triumpha·

326 2562 469 2623 lem
523 2561 889 2643 tropheum
934 2562 1134 2643 agiae
1176 2564 1398 2626 crucis
1447 2562 1788 2643 impressi.
1903 2565 1981 2646 »14
2015 2565 2170 2647 Ego
2205 2565 2442 2630 Wulfw

328 2660 514 2724 helm
550 2662 1013 2747 Fontanensis
1046 2661 1410 2746 episcopus
1442 2663 1908 2726 corroboraui.

1232 2958 1544 3024 ccch

1021 3080 1558 3184 ΕᾸΒΜΠΝΒ,
1602 3107 1755 3171 944.

447 3262 527 3341 »14
563 3258 652 3321 ΙΝ
686 3256 961 3320 nomine
994 3256 1104 3319 dei
1139 3257 1387 3319 summi
1420 3264 1490 3321 et
1522 3258 1845 3322 altissimi
1892 3256 2102 3322 Ihesu
2133 3259 2436 3329 Christi!

338 3356 681 3438 Quamuis
716 3356 994 3420 decreta
1020 3356 1423 3439 pontificum
1469 3364 1540 3421 et
1584 3359 1800 3422 uerba
1845 3359 2279 3423 sacerdotum
2313 3383 2436 3426 ue-

334 3460 443 3522 ·lut
496 3456 945 3520 fundamenta
987 3457 1322 3520 montium
1365 3456 1768 3521 indistrictis
1803 3458 2246 3539 ligaminibus
2291 3462 2437 3525 fixa

337 3559 503 3633 sint,
558 3563 792 3619 tamen
842 3557 1243 3639 plerumque
1298 3556 1482 3637 [per]
1529 3563 1977 3638 tempestates
2021 3565 2091 3621 et
2130 3561 2437 3625 turbines

337 3655 796 3722 saecularium
849 3675 1077 3719 rerum
1130 3656 1338 3718 etiam
1389 3655 1633 3735 religio
1679 3663 1962 3720 sanctae
2017 3657 2128 3720 dei
2175 3661 2437 3724 aeccle-

300 3798 309 3808 ·
340 3757 486 3821 siae
563 3754 854 3818 maculis
941 3756 1387 3837 reproborum
1458 3755 1836 3837 dissipatur
1909 3775 1990 3819 ac
2069 3760 2433 3841 rumpitur.

336 3855 613 3919 Idcirco
657 3855 994 3917 incertum
1039 3854 1423 3918 futurorum
1469 3861 1856 3936 temporum
1895 3863 2160 3920 statum
2205 3861 2439 3940 proui-

341 3954 607 4029 denteS‚
647 3954 943 4035 posteris
982 3954 1506 4018 succedentibus
1540 3953 1975 4036 profuturum
2011 3976 2161 4020 esse
2199 3958 2442 4023 'decre-

343 4056 593 4129 uimuS,
648 4060 728 4116 ut
792 4072 877 4116 ea
935 4073 1114 4135 quae
1172 4054 1514 4117 communi
1568 4061 1796 4117 tractu
1843 4055 2104 4119 salubri
2154 4058 2444 4121 consilio

340 4154 785 4228 definiuntur,
873 4153 1079 4218 certis
1166 4152 1461 4217 literulis
1534 4155 1862 4218 roborata
1932 4156 2440 4222 confirmentur.
