3044 5019
588 430 721 496 200
1103 447 1451 497 anR'rAn
1497 447 2187 498 AnonosAxochu.

589 605 949 688 praeditus
979 626 1130 684 rex,
1163 606 1369 671 huius
1407 629 1700 674 acumen
1745 610 2031 675 indiculi
2073 630 2232 674 cum
2275 610 2480 691 signo
2510 629 2709 674 sanc-

593 714 708 770 tae
759 725 1165 789 semperque
1217 707 1613 774 adorandae
1663 711 1891 776 crucis
1942 710 2387 775 corroboraui
2436 719 2510 773 et
2545 712 2705 774 sub-

592 805 859 888 scripsi.
975 809 1053 888 ›1‹
1095 807 1248 889 Ego
1276 808 1786 875 Constantinus
1829 811 2247 894 subregulus
2286 811 2611 875 consensi
2642 819 2710 874 et

593 905 1011 989 subscripsi3
1059 926 1216 971 cum
1248 910 1486 975 multis
1514 911 1694 976 aliis.

1423 1206 1899 1274 cchxvl.

1170 1344 1217 1391 ⁴
1250 1333 1948 1438 AETHELSTA'N,
1992 1360 2146 1426 935.

706 1499 784 1581 ›1‹
831 1496 1039 1561 Rucss
1088 1518 1330 1582 regum
1385 1502 1803 1588 dominoque
1851 1508 2289 1575 dominorum
2337 1530 2712 1593 regnorum

596 1615 881 1677 regnum
904 1599 1287 1664 sublimiter
1307 1612 1592 1683 regente
1615 1606 1631 1671 !
1669 1617 2216 1694 cunctarumque
2235 1620 2715 1676 creaturarum

598 1714 774 1779 quas
806 1697 954 1780 ipse
996 1706 1157 1764 ante
1202 1702 1481 1767 saecula
1531 1709 1604 1769 et
1641 1706 1715 1770 in
1768 1711 2067 1775 saeculis
2120 1712 2555 1776 saeculorum
2607 1713 2712 1775 in-

599 1795 960 1862 effabiliter
990 1802 1538 1881 praeordinatas,
1571 1806 1990 1876 moderando
2009 1812 2425 1876 conditionis
2448 1820 2711 1877 statum

598 1895 966 1977 regulauit,
999 1900 1290 1983 usuique
1319 1909 1684 1987 terregeno
1727 1908 2166 1976 ineffabiliter
2196 1920 2433 1977 creata
2475 1913 2713 1996 prola*

600 2001 833 2077 taque,
867 1997 954 2061 ad
989 2009 1331 2084 antropon
1353 2003 1653 2071 salutem
1668 2012 2037 2091 concessit,
2058 2013 2222 2090 duo,
2252 2006 2423 2077 mee¹
2455 2014 2710 2096 quibus

599 2101 872 2162 tantum
917 2097 1370 2166 humanorum
1404 2114 1682 2172 constat
1708 2110 2017 2189 effectuS,
2061 2120 2343 2177 actuum
2379 2113 2709 2177 uoluntas

601 2195 866 2261 scilicet
926 2206 1134 2281 atque
1198 2211 1529 2286 potestas.
1665 2207 1930 2277 Iccirco
1993 2213 2155 2277 illae
2200 2213 2487 2278 diuitiae
2552 2234 2709 2278 cum

605 2297 855 2361 mentis
906 2299 1285 2367 intentione
1333 2303 1723 2388 diligendae
1774 2321 1939 2379 sunt
1973 2333 2153 2396 quae
2197 2334 2550 2397 nunquam
2595 2315 2713 2378 de-

603 2395 869 2478 cipiunt
911 2399 1302 2481 habentem,
1359 2424 1486 2470 nec
1531 2408 1605 2470 in
1648 2409 1805 2491 ipsa
1846 2421 2069 2478 morte
2117 2414 2554 2490 amittuntur,
2591 2414 2710 2478 sed

601 2494 760 2578 plus
830 2495 1236 2567 habundant
1299 2504 1458 2570 dum
1511 2511 1818 2575 cernitur
1875 2514 2060 2597 quod
2108 2522 2400 2580 amatur.
2514 2515 2711 2594 Qua-

602 2604 885 2680 propter
937 2619 1068 2682 ego
1119 2602 1566 2672 AEbelstanus
1613 2609 1916 2678 donante
1971 2614 2083 2678 dei
2135 2616 2365 2698 gratia
2406 2616 2710 2680 basileos

605 2693 1020 2778 Anglorum,
1069 2710 1142 2768 et
1187 2723 1407 2788 aeque
1458 2709 1675 2774 totius
1724 2713 2130 2779 Britanniae
2173 2717 2359 2780 orbis
2406 2716 2710 2781 deicola-

603 2815 890 2881 rumque
917 2795 1128 2883 fylos²
1158 2811 1368 2888 atque
1407 2811 1785 2892 curagulus
1817 2833 2055 2878 eorum
2101 2835 2241 2880 non
2282 2810 2710 2881 innocenter²

603 2897 907 2963 diuinam
943 2901 1474 2971 admonitionem
1506 2911 1911 2991 obaudienS,
1944 2923 2213 2997 partem
2241 2917 2418 2979 ruris
2447 2918 2711 3000 proprii

604 2997 772 3061 iuris
804 3000 937 3065 mei
967 3002 1225 3069 ditione
1256 3009 1640 3088 subactam,
1675 3012 1748 3075 in
1782 3013 2054 3080 feruore
2088 3017 2341 3081 amoris
2368 3016 2559 3081 illius
2595 3018 2712 3100 qui

605 3096 807 3176 dixit,
855 3100 1040 3166 Date
1083 3111 1155 3169 et
1204 3105 1483 3172 dabitur
1519 3113 1743 3189 uobis,
1797 3114 2019 3178 libens
2070 3117 2455 3199 perpetuali
2503 3117 2707 3181 liber-

605 3203 751 3261 tate
805 3201 1168 3269 tribuendo
1211 3208 1526 3274 condono
1564 3210 2001 3279 Christicolis
2039 3217 2447 3301 uirginibuS,
2491 3212 2706 3283 etare²

604 3299 845 3362 matris
884 3300 1094 3367 Ihesu
1126 3308 1586 3375 seruientibus
1617 3313 1690 3375 in
1722 3312 1877 3378 loco
1910 3315 2162 3379 celebri
2184 3324 2260 3381 at
2292 3317 2709 3383 Sceaftesbi-

605 3396 738 3478 rig,
771 3399 879 3463 bis
912 3420 1039 3468 sex
1074 3408 1521 3488 manentium,
1560 3412 1634 3475 in
1661 3412 1817 3478 loco
1853 3416 1972 3499 qui
2003 3417 2281 3497 uulgari
2308 3418 2608 3483 dictione
2640 3426 2711 3484 et

606 3499 1033 3581 appellatiua
1066 3506 1399 3573 relatione
1418 3522 1860 3596 nuncupatur
1889 3516 1977 3579 ad
1996 3516 2393 3596 Terentam,
2429 3539 2558 3584 ceu
2592 3540 2713 3583 su-‡

607 3599 1060 3682 pradiximus,
1129 3608 1399 3673 eatinus
1448 3618 1529 3675 ut
1585 3616 1847 3680 sanctis
1904 3618 2379 3682 conaminibus
2446 3620 2715 3686 mellita

605 3699 1055 3770 assistentina
1108 3709 1418 3774 oramina
1471 3716 1880 3780 cateruatim
1931 3717 2343 3800 importunis
2386 3722 2706 3801 precibus

606 3807 1002 3879 perpetrata
1037 3807 1322 3873 crimina
1355 3810 1805 3878 altithronum
1848 3817 2248 3882 archontem
2277 3820 2553 3884 ueniam
2581 3822 2709 3885 im-

606 3904 915 3979 petrent:
962 3906 1352 3974 omnimodo
1402 3910 1942 3995 interdicamuS,²
1989 3918 2089 3982 ita
2133 3925 2214 3982 ut
2256 3918 2425 3983 haec
2473 3929 2715 3987 nostra·

608 3997 889 4064 donatio
932 4002 1004 4066 in
1045 4009 1460 4090 sempiterno
1500 4015 1794 4098 graphio
1838 4037 1993 4081 cum
2029 4019 2391 4101 signaculo
2430 4030 2715 4088 sanctae

606 4100 831 4165 crucis
856 4104 1261 4172 confirmata
1288 4111 1379 4176 sit
1402 4133 1419 4191 ;
1467 4116 1675 4180 etiam
1701 4118 1762 4180 si
1785 4118 2074 4200 quilibet
2095 4113 2301 4184 altas²
2323 4120 2711 4186 litterarum

891 4253 904 4283 ¹
937 4258 1021 4309 Sic
1045 4258 1158 4311 MS.
1182 4260 1259 4311 for
1281 4262 1296 4290 ‘
1315 4265 1517 4315 messe!
2144 4268 2165 4301 ⁹
2199 4272 2284 4320 Sic
2310 4271 2422 4322 MS.
