3044 5019
814 460 1158 506 cHAR‘rAE
1202 457 1886 506 ANGmSAxochE.
2317 442 2402 504 41

303 615 567 693 patroni
601 617 816 679 uestri
842 616 1031 680 beati
1062 615 1393 680 Guthlaci
1437 616 1884 698 corporaliter
1909 616 2257 692 tumulati,
2288 615 2396 678 ul-

301 713 525 777 timam
578 717 1146 779 resurrectionem
1198 714 1533 779 foeliciter
1577 723 1990 797 expectant3
2039 722 2399 797 totamque

293 811 587 876 >insulam
617 815 1070 892 adiacentem,
1116 821 1322 897 prout
1356 835 1480 897 per
1509 815 1838 879 terminos
1864 834 2027 878 suos
2072 817 2396 897 superius

301 909 677 978 declaratos
734 916 1202 979 ministrorum
1261 934 1569 977 meorum
1635 915 1993 996 diligentia
2054 914 2395 978 sufficien-

300 1010 550 1076 tissime
602 1021 713 1078 est
758 1015 1132 1098 descripta,
1175 1015 1249 1077 in
1303 1012 1534 1077 sedem
1588 1014 1969 1096 separalem
2026 1014 2396 1079 abbathiae

288 1118 581 1190 uestrae,
626 1115 718 1176 fin
778 1115 988 1177 situm
1032 1113 1400 1196 specialem
1446 1113 1844 1177 monasterii
1902 1115 2140 1189 uestri,
2190 1121 2260 1177 et
2322 1116 2393 1177 in

298 1218 592 1274 uestrum
649 1213 932 1295 plenum
987 1213 1363 1276 dominium
1423 1213 1869 1294 singulariter
1928 1220 1998 1289 et
2057 1220 2391 1294 perpetuo

286 1311 806 1390 possidendum,
833 1333 976 1376 una
1017 1333 1172 1376 cum
1212 1312 1478 1376 duobus
1520 1312 1831 1376 mariscis
1875 1312 2259 1375 iacentibus
2305 1312 2391 1376 ad

296 1408 431 1472 eius
482 1413 936 1489 occidentem,
1002 1413 1135 1476 uiz.
1195 1410 1625 1476 Alderlound
1699 1412 1772 1474 in
1843 1412 2130 1475 australi
2195 1419 2393 1494 parte

298 1526 503 1589 aquae
554 1512 640 1575 de
677 1511 1021 1588 Uueland‚
1073 1519 1143 1575 et
1177 1511 1656 1592 Goggislound
1701 1512 1775 1573 in
1818 1511 2120 1574 eiusdem
2170 1531 2391 1594 aquae

298 1617 481 1688 parte
529 1611 822 1688 boreali,
871 1632 994 1694 per
1047 1612 1375 1674 terminos
1436 1611 1749 1674 similiter
1793 1613 2107 1693 superius
2163 1611 2390 1675 decla-

302 1715 498 1773 ratos,
604 1710 813 1793 Haec
877 1719 982 1775 est
1044 1710 1434 1774 haereditas
1490 1710 1772 1787 domini,
1831 1710 1956 1773 dos
2015 1711 2388 1775 aecclesiae

301 1805 566 1888 Christi,
626 1811 856 1875 solum
915 1818 1197 1874 sanctae
1244 1810 1513 1873 Mariae
1569 1817 1640 1873 et
1685 1810 1871 1874 beati
1919 1809 2390 1875 Bartholomei

299 1911 603 1988 apostoli,
693 1911 920 1974 sancti
1003 1910 1335 1975 Guthlaci
1406 1909 2033 1991 monachorumque
2108 1926 2386 1973 suorum

297 2008 758 2073 sanctuarium
805 2011 1368 2086 sacratissimum,
1417 2017 1487 2073 et
1533 2009 2023 2073 monasterium
2070 2011 2158 2073 ab
2202 2011 2388 2073 omni

302 2113 557 2172 terreno
628 2109 918 2174 seruitio
976 2110 1420 2186 liberrimum,
1469 2108 2084 2173 illustrissimorum
2146 2130 2385 2191 regum

298 2205 720 2292 eleemosyna
772 2210 1115 2291 specialis,
1155 2217 1225 2273 et
1254 2209 1326 2270 in
1360 2209 1547 2271 omni
1575 2208 2015 2272 tribulatione
2046 2211 2387 2287 uniuersis

298 2303 477 2370 locus
507 2309 763 2391 refugii
797 2308 1191 2391 singularis,
1220 2309 1486 2371 mansio
1509 2315 1905 2371 sanctorum
1935 2316 2291 2390 perpetua,
2315 2318 2385 2374 et

282 2410 627 2486 ⁴possessio
654 2409 830 2472 uiris
858 2409 1199 2491 religiosis
1225 2408 1570 2472 communi
1603 2407 1799 2489 regni
1830 2407 2118 2471 consilio
2163 2410 2385 2491 speci-

297 2505 482 2571 aliter
507 2509 983 2593 appropriata‚
1012 2529 1272 2591 proque
1303 2507 1775 2590 frequentibus
1803 2506 2151 2572 miraculis
2182 2529 2382 2573 sanc*-

284 2604 530 2671 -tissimi
561 2608 980 2673 confessoris
1009 2610 1191 2673 inter
1219 2608 1459 2672 uineas
1492 2608 1809 2690 Engaddi
1847 2609 2137 2672 balsami
2163 2617 2383 2673 mater

297 2724 548 2789 semper
577 2709 856 2786 fertilis,
887 2717 957 2772 et
982 2729 1108 2791 pro
1138 2729 1377 2789 regum
1422 2708 1799 2790 priuilegiis
1834 2708 2058 2772 Bosor
2101 2710 2173 2772 in
2219 2709 2382 2773 soli-

278 2805 538 2887 ·tudine,
591 2810 913 2873 omnibus
959 2809 1468 2891 poenitentibus
1513 2809 1761 2871 ciuitas
1815 2808 2080 2889 gratiae
2139 2815 2210 2872 et
2225 2831 2232 2862 1
2268 2828 2380 2872 sa-

293 2903 465 2971 lutis,
570 2910 647 2973 Si
679 2908 837 2991 quis
871 2909 1244 2972 sacrarium
1290 2908 1420 2971 hoc
1464 2908 1831 2971 uiolauerit
1871 2907 1985 2969 uel
2028 2908 2100 2970 in
2147 2908 2378 2989 aliquo

291 3010 661 3087 uexauerit,
686 3009 1090 3072 'uindicabit
1117 3009 1187 3070 in
1231 3009 1424 3071 illum
1455 3007 1743 3070 dextera
1771 3025 1925 3069 mea
1956 3014 2025 3069 et
2051 3007 2379 3071 haeredes

276 3107 412 3168 ·mei
460 3110 857 3191 quicunque
918 3116 1075 3191 post
1124 3128 1232 3172 me
1281 3108 1537 3172 fuerint
1580 3108 1783 3171 huius
1831 3106 2026 3188 regni
2073 3106 2378 3172 Merciae

288 3210 664 3285 perenniter
693 3209 1098 3291 sceptrigeri
1124 3195 1610 3272 successores(

276 3342 285 3358 ι.
382 3305 729 3372 Confirmo
781 3310 988 3372 etiam
1039 3308 1168 3372 deo
1220 3315 1290 3372 et
1335 3315 1579 3371 sancto
1621 3306 1993 3383 GuthlacO,
2041 3327 2375 3390 sacroque

289 3410 693 3473 monasterio
723 3416 955 3472 uestro
985 3407 1444 3491 Croylandiae
1472 3407 1558 3470 de
1587 3406 1770 3470 dono
1804 3407 2129 3487 Fregisti,
2154 3428 2373 3489 quon-

288 3502 432 3567 dam
458 3508 698 3571 militis
728 3509 984 3571 domini
1006 3507 1361 3589 Kenulphi
1382 3508 1590 3589 regiS,
1614 3506 2014 3570 aecclesiam
2033 3506 2118 3569 de
2138 3506 2371 3589 Lang-

289 3603 409 3667 tost
445 3614 514 3670 et
556 3609 632 3671 in
669 3609 933 3690 campis
979 3607 1281 3671 eiusdem
1325 3608 1533 3670 uillae
1573 3627 1699 3670 sex
1729 3613 2105 3669 carucatas
2151 3614 2376 3671 terrae

287 3700 604 3771 habentes
672 3708 747 3770 in
802 3708 1230 3789 longitudine
1301 3707 1687 3789 quindecim
1745 3713 2231 3788 quarentenaS‚
2305 3716 2376 3772 et

288 3820 521 3868 nouem
581 3815 1047 3896 quarentenas
1116 3808 1190 3870 in
1256 3807 1645 3883 latitudine,
1704 3813 1774 3870 et
1834 3813 2110 3869 centum
2175 3826 2373 3871 acras

288 3906 479 3982 prati,
509 3914 581 3970 et
608 3908 906 3991 syluam,
938 3916 1008 3971 et
1038 3907 1402 3969 mariscum
1429 3906 1715 3970 duarum
1747 3906 2092 3969 leucarum
2126 3907 2198 3969 in
2221 3907 2374 3970 lon·
2448 3899 2451 3900 ⁷

269 4003 609 4083 'gitudine,
669 4015 739 4071 et
796 4007 1085 4071 duarum
1130 4007 1479 4069 leucarum
1535 4007 1609 4069 in
1662 4005 2052 4081 latitudine,
2119 4014 2189 4068 et
2247 4024 2369 4070 XL.

287 4118 468 4167 acras
495 4105 581 4169 de
611 4107 850 4171 eodem
881 4107 1081 4170 feodo
1103 4107 1174 4168 in
1199 4107 1461 4188 campis
1492 4106 1578 4169 de
1610 4101 1929 4188 Depyng.
2024 4103 2369 4167 Confirmo

288 4201 481 4266 etiam
539 4206 670 4269 deo
717 4214 786 4269 et
847 4214 1089 4269 sancto
1139 4204 1514 4283 Guthlaco,
1569 4225 1901 4286 sacroque
1953 4199 2370 4265 monasterio
