3044 5019
887 433 1226 480 anRrAE
1272 432 1950 480 ANGLOSAxochss.
2331 416 2464 479 109

362 590 534 653 from
600 588 744 652 him
806 609 1001 653 cume
1051 610 1095 654 a
1144 611 1233 655 on
1287 588 1414 655 'ece
1466 589 2032 674 yrfewardnesse.
2086 586 2461 652 Alhmund.

363 687 622 753 Tidulf.
660 688 947 754 Tidheh.
999 691 1181 754 Lull.
1236 690 1573 755 Eadwuls.
1704 690 1905 753 Haec
1956 690 2237 753 nomina
2278 696 2467 766 sunt,

361 789 481 871 qui
538 789 718 853 hanc
773 790 1111 854 libertatis
1181 791 1625 857 donationem
1685 790 2195 854 consentientes
2262 790 2463 871 signo

366 891 587 953 crucis
615 891 1189 973 subscripserunt.

474 990 552 1070 »14
589 990 741 1071 Ego
769 990 1052 1055 Aelsred
1081 1011 1205 1055 rex
1233 990 1551 1054 consensi
1581 995 1651 1053 et
1680 989 2073 1071 subscripsi.
2120 1070 2123 1073 Δ
2190 991 2268 1071 »14
2312 988 2467 1070 Ego

366 1088 673 1153 Aebered
721 1091 861 1154 dux
910 1090 1039 1155 hoc
1086 1099 1396 1155 nostrum
1453 1090 1709 1155 donum
1765 1090 1964 1171 signo
2023 1088 2245 1151 crucis
2303 1107 2467 1150 con-

366 1187 659 1253 firmaui.
776 1192 854 1272 »14
901 1190 1051 1273 Ego
1080 1188 1474 1256 Aebelflaed
1505 1189 1812 1254 coniunx
1840 1187 2275 1252 subscribens
2303 1206 2467 1250 eon-

366 1289 657 1353 firmaui.
750 1292 828 1372 »14
866 1290 1017 1373 Ego
1054 1291 1346 1355 Uulsred
1384 1283 1766 1373 episcopus.
1849 1289 1927 1369 »14
1958 1287 2110 1370 Ego
2146 1285 2466 1351 Uuersrib

368 1390 756 1471 episcopuS.
872 1390 950 1470 »14
994 1391 1147 1472 Ego
1183 1390 1481 1455 Deorlaf
1504 1390 1891 1474 episcopuS.

1292 1612 1536 1624 —--

1228 1783 1607 1849 CCCXII.

938 1931 979 1976 *
1029 1931 1732 2010 AETHELUULF,
1779 1932 1930 1996 880.

486 2080 1019 2163 ›1⁴'REGNAN'1'E
1067 2080 1138 2144 in
1188 2087 1592 2163 perpetuum
1641 2080 1917 2144 domino
1972 2087 2207 2146 nostro
2267 2080 2475 2145 Ihesu

378 2180 700 2245 Christo!
797 2180 948 2262 Ego
994 2179 1335 2257 Aebelulf,
1378 2200 1502 2244 rex
1541 2180 1923 2258 Saxonum,
1969 2181 2147 2245 dabo
2192 2201 2318 2263 pro
2368 2202 2475 2244 re-

376 2281 598 2346 medio
630 2282 901 2344 animae
946 2300 1138 2344 meae
1187 2286 1441 2344 terram
1488 2279 1577 2343 ad
1622 2280 2025 2345 aecclesiam
2071 2281 2295 2344 sancti
2323 2280 2473 2345 An-

374 2380 578 2445 dreae
624 2380 922 2463 apostoli
952 2379 1207 2443 Christi
1242 2387 1312 2443 et
1357 2377 1761 2445 Suuibuulso
1807 2381 2128 2463 episeopo
2174 2380 2476 2463 aliquam

375 2491 641 2564 partem
673 2480 746 2543 in
774 2479 898 2544 illo
923 2480 1076 2544 loco
1102 2498 1278 2562 quae
1312 2478 1561 2545 dicitur
1586 2479 2055 2546 Cucolanstan
2086 2486 2295 2566 atque
2321 2493 2478 2545 aec-

374 2582 651 2646 clesiam
694 2581 915 2644 sancti
963 2580 1326 2643 Michaelis
1362 2569 1782 2662 archangeli.
1890 2581 2090 2645 Haec
2133 2590 2296 2646 sunt
2339 2590 2475 2646 ter-

377 2683 540 2745 mini
579 2688 714 2745 etc.
746 2687 825 2744 ut
851 2679 1103 2744 habeat
1149 2687 1219 2743 et
1260 2680 1613 2762 possideat
1656 2688 1727 2745 et
1761 2680 2144 2765 cuicunque
2181 2682 2479 2746 uoluerit

373 2782 490 2846 illo
530 2782 813 2844 uiuente
856 2800 980 2843 seu
1019 2780 1350 2843 moriente
1396 2780 1853 2862 derelinquat,
1900 2788 1971 2844 et
2015 2787 2173 2863 post
2218 2801 2292 2844 se
2335 2788 2477 2843 tra-

375 2880 672 2944 dendum
722 2880 1175 2944 concedamus
1225 2880 1513 2943 liueram
1566 2881 1654 2943 ab
1704 2879 1891 2943 omni
1937 2881 2272 2944 seruitute
2323 2899 2480 2943 cum

375 2982 695 3044 omnibus
748 2978 834 3042 ad
880 2998 956 3043 se
1003 2980 1133 3042 rite
1174 2979 1697 3061 pertinentibuS,
1751 2998 1906 3042 cum
1951 2978 2122 3042 suris
2168 2999 2477 3063 compre-

374 3080 727 3156 hensione,
775 3086 845 3143 et
888 3098 1041 3142 cum
1093 3080 1408 3143 omnibus
1459 3080 1664 3143 rebus
1708 3098 1886 3161 quae
1936 3078 2023 3143 ad
2076 3079 2479 3143 aecclesiam

373 3175 599 3245 sancti
648 3177 973 3243 Andreae
1020 3179 1390 3261 pertinent,
1450 3199 1606 3243 cum
1657 3181 1945 3262 campiS,
1983 3180 2202 3256 siluis,
2236 3181 2479 3263 pratiS,

372 3280 676 3363 pascuiS,
713 3279 1099 3361 paludibuS,
1129 3278 1202 3341 in
1248 3278 1547 3343 minimis
1583 3287 1653 3343 et
1681 3280 1754 3342 in
1786 3280 2134 3357 maximis,
2181 3281 2364 3345 notis
2411 3289 2481 3345 et

372 3380 657 3463 ignotis·
764 3378 835 3442 Si
881 3379 1034 3462 quis
1088 3398 1278 3456 uero,
1326 3378 1508 3461 quod
1552 3379 1758 3457 absit,
1802 3379 2172 3443 haeredum
2210 3399 2483 3443 succes-

372 3498 746 3561 sorumque
785 3485 1176 3542 nostrorum
1221 3478 1662 3542 donationem
1712 3480 2077 3543 immutare
2118 3479 2321 3543 aliter
2369 3481 2482 3543 uel

372 3582 684 3644 minuere
736 3579 1038 3656 studeat,
1087 3574 1263 3641 sciat
1313 3597 1386 3642 se
1440 3578 1775 3660 imprimis
1827 3579 2319 3662 omnipotentis
2372 3580 2482 3644 dei

369 3680 547 3744 iram
589 3678 959 3755 incurrere,
1012 3685 1081 3742 et
1118 3678 1469 3741 uiuentem
1522 3679 1595 3741 in
1646 3678 1777 3742 hac
1821 3678 1972 3742 uita
2007 3680 2484 3744 benedictione

370 3797 631 3854 carere,
679 3784 750 3840 et
789 3778 863 3840 in
899 3778 1273 3841 nouissimo
1308 3776 1792 3842 maledictione
1844 3780 2219 3843 subiacere.
2345 3779 2484 3858 Qui

373 3898 540 3943 uero
594 3877 766 3939 haec
819 3876 1138 3958 augenda
1174 3874 1600 3953 custodierit,
1637 3877 1945 3959 nihilque
1988 3879 2328 3959 inrogarit
2362 3880 2483 3941 ad-

371 3978 579 4054 uersi,
632 3976 726 4042 sit
775 3976 1175 4040 benedictus
1225 3978 1299 4040 in
1350 3976 1631 4040 saecula
1676 3978 2131 4044 saeculorum.
2232 3976 2480 4041 Amen.

372 4078 650 4160 Scripta
719 4083 827 4139 est
898 4076 1068 4140 haec
1136 4076 1405 4140 cartula
1470 4096 1653 4139 anno
1727 4077 2112 4141 dominicae
2169 4078 2484 4138 incarna-

376 4177 584 4266 tionis
639 4175 898 4239 domini
947 4177 1165 4239 nostri
1212 4175 1423 4253 Ihesu
1482 4174 1740 4239 Christi
1796 4191 2219 4238 Dccccxxx.
2270 4171 2486 4235 indie-
