3044 5019
868 376 1214 430 GHARTAE
1258 376 1943 427 ANcmsAxochu.
2368 362 2455 426 31

342 559 387 602 a
430 545 641 621 pastu
684 556 1014 619 equorum
1060 554 1367 601 meorum
1411 537 1742 615 omnium,
1791 537 1942 601 siue
1988 536 2456 601 ministrorum

345 659 608 704 eorum.
687 636 874 716 Quid
905 638 1131 720 plura,
1162 638 1251 701 ab
1281 636 1468 701 omni
1495 637 1619 701 illa
1647 637 2207 702 incommoditate
2234 637 2458 700 aefres

347 747 417 803 et
461 738 934 815 cum-femme,
966 737 1101 801 nisi
1140 738 1296 802 istis
1340 738 1570 801 causis
1601 756 1772 820 quas
1820 739 1932 802 hic
1977 737 2454 802 nominamus:

351 858 729 922 praecones
779 839 841 902 si
888 844 1082 901 trans
1126 857 1314 901 mare
1358 839 1677 902 uenirent
1720 838 1809 902 ad
1859 857 2091 920 regem
2148 838 2458 914 uenturi,

348 939 463 1002 uel
515 939 750 1003 nuncii
794 939 881 1002 de
927 947 1135 1020 gente
1197 937 1748 1002 Occidentalium
1791 939 2150 1003 Saxonum
2196 939 2312 1002 uel
2369 937 2456 1001 de

350 1047 562 1121 gente
610 1037 1401 1121 Northanhymbrorum‚
1447 1039 1508 1102 si
1551 1038 1869 1105 uenirent
1907 1039 1997 1103 ad
2035 1039 2277 1102 horam
2308 1046 2459 1129 ‚ter-

350 1141 523 1204 tiam
550 1138 687 1202 diei
714 1139 828 1202 uel
856 1137 944 1201 ad
976 1139 1272 1202 medium
1317 1138 1521 1215 diem,
1550 1138 1829 1203 dabitur
1864 1139 2003 1202 illis
2042 1138 2408 1221 prandium
2436 1158 2455 1215 ς

351 1241 412 1303 si
441 1238 761 1303 uenirent
790 1257 1003 1321 supra
1031 1258 1286 1303 nonam
1314 1238 1579 1316 horam,
1610 1246 1779 1302 tunc
1805 1238 2083 1303 dabitur
2111 1237 2210 1301 eis
2239 1238 2460 1301 noctis

353 1347 658 1423 pastum,
710 1347 780 1403 et
822 1340 1069 1403 iterum
1119 1339 1204 1403 de
1250 1357 1453 1404 mane
1506 1346 1799 1422 pergent
1855 1339 1927 1402 in
1986 1338 2172 1401 uiam
2239 1356 2459 1402 suam.

356 1439 467 1504 Ob
496 1440 701 1502 huius
734 1458 900 1520 ergo
929 1439 1026 1502 rei
1076 1439 1397 1520 gratiam,
1435 1439 1586 1522 ipse
1611 1459 1779 1503 uero
1808 1438 2244 1522 supradictus
2274 1439 2462 1503 Ean·

352 1541 570 1603 mund
597 1540 812 1603 abbas
858 1558 938 1602 ac
981 1540 1167 1603 illius
1195 1540 1766 1621 supranominata
1792 1538 2056 1603 familia
2098 1547 2211 1603 aet
2245 1540 2463 1603 Breo-

352 1641 540 1704 dune
587 1639 675 1703 ad
715 1640 1197 1703 commercium
1227 1639 1432 1704 huius
1474 1639 1815 1704 libertatis
1863 1658 2019 1703 cum
2065 1638 2462 1704 testimonio

354 1740 769 1823 optimatum
843 1740 1069 1820 gentis
1139 1739 1581 1816 Merciorum‚
1658 1739 1994 1804 dederunt
2053 1739 2466 1804 Berhtuulfo

356 1841 505 1922 regi
559 1839 980 1904 Marciorum
1025 1857 1312 1904 CLXXX.
1365 1858 1733 1904 mancusas
1788 1840 1862 1903 in
1914 1857 2084 1903 auro
2142 1858 2341 1922 puro,
2396 1846 2469 1903 et

357 1949 620 2005 terram
667 1956 792 2003 XV.
826 1940 1275 2017 manentium,
1311 1940 1384 2003 in
1431 1940 1700 2003 duobus
1738 1939 1931 2017 locis,
1962 1947 2077 2004 aet
2115 1938 2468 2021 Stanlege‚

358 2049 431 2105 et
463 2048 580 2105 aet
616 2039 1079 2105 Bellanforde.
1186 2041 1288 2105 Ut
1313 2040 1453 2104 ista
1497 2039 1838 2105 libertatis
1884 2038 2112 2122 gratia
2156 2058 2311 2104 cum
2356 2039 2466 2104 dei

359 2140 782 2217 testimonio,
827 2147 896 2204 et
942 2139 1246 2203 omnium
1296 2147 1694 2204 sanctorum
1739 2141 1812 2205 in
1850 2140 2067 2217 coelo,
2116 2149 2187 2204 et
2231 2159 2469 2204 eorum

362 2241 720 2305 hominum
751 2240 827 2303 in
856 2247 1042 2303 terra
1071 2230 1331 2321 qui'dei
1359 2247 1732 2323 praecepta
1781 2238 2202 2318 custodiunt,
2230 2248 2303 2305 et
2329 2248 2470 2305 tre-

362 2340 689 2404 mendum
747 2339 926 2403 diem
983 2339 1219 2403 iudicii
1269 2346 1608 2416 metuunt,
1674 2348 1746 2405 et
1800 2340 2128 2404 honorem
2184 2348 2470 2406 sanctae

358 2442 591 2504 crucis
648 2439 906 2504 Christi
958 2440 1221 2518 colunt,
1269 2459 1352 2503 ac
1400 2440 1676 2505 illorum
1725 2441 2164 2524 baptismatis
2210 2440 2469 2505 donum

364 2542 654 2606 firmiter
679 2541 1206 2624 perenniterque
1234 2541 1607 2619 firmatum,
1636 2542 1828 2606 nullo
1871 2542 2222 2605 hominum
2255 2542 2470 2606 inter-

365 2641 663 2719 dicente,
695 2641 813 2705 sed
859 2639 987 2705 deo
1026 2641 1305 2705 fauente
1350 2660 1432 2705 ac
1476 2642 1745 2723 angelis
1789 2642 1961 2719 eim,
2002 2642 2272 2706 stabilis
2315 2662 2472 2724 per-

367 2749 647 2806 maneat
688 2740 951 2804 tamdiu
994 2740 1164 2805 fides
1199 2741 1597 2806 Christiana
1639 2761 1722 2806 ac
1764 2742 2182 2823 baptismum
2215 2741 2475 2806 Christi

371 2842 556 2925 apud
588 2839 977 2923 Anglorum
1022 2849 1298 2923 gentem
1337 2842 1408 2905 in
1445 2841 1815 2907 Britannia
1859 2850 2159 2906 maneat.
2265 2841 2473 2905 Insu-

370 2963 494 3026 per
521 2943 733 3007 etiam
765 2961 896 3023 ego
926 2940 1321 3006 Humberht
1345 2943 1667 3025 princeps
1696 2941 2089 3024 optinebam
2120 2960 2164 3004 a
2198 2941 2473 3006 domino

366 3063 519 3107 meo
553 3041 967 3106 Berhtuulfo
1019 3042 1166 3123 regi
1214 3041 1657 3120 Merciorum,
1704 3060 1860 3106 cum
1908 3059 2248 3105 consensu
2292 3042 2471 3123 opti-

370 3150 659 3219 matum,
692 3142 813 3205 illo
858 3142 1090 3207 abbati
1121 3142 1532 3206 Eanmundo
1576 3148 1646 3206 et
1675 3140 1977 3206 familiae
2007 3142 2195 3206 illius
2227 3161 2472 3225 supra-

371 3243 601 3307 dictae
634 3262 726 3306 on
755 3241 1145 3319 Breodune,
1175 3242 1353 3307 hanc
1382 3243 1724 3307 libertatis
1755 3243 2052 3324 gratiam
2077 3263 2204 3325 pro
2236 3263 2473 3308 eorum

368 3342 752 3407 uenerabili
778 3341 1075 3424 pecunia
1099 3342 1285 3424 quod
1318 3342 1486 3407 mihi
1513 3343 2003 3425 impendebant
2029 3343 2102 3406 in
2131 3362 2271 3407 uno
2302 3362 2474 3407 uaso
2559 3410 2565 3417 ,

371 3442 723 3525 praetioso
750 3442 1121 3525 potatorio,
1141 3442 1324 3525 quod
1346 3442 1478 3508 suit
1503 3443 1593 3507 de
1620 3444 1847 3508 nobile
1871 3461 2122 3525 genere
2149 3442 2472 3526 pulchra·

370 3544 529 3607 liter
552 3541 836 3620 sactum,
866 3549 935 3605 et
966 3561 1057 3606 ex
1084 3551 1284 3624 parte
1313 3563 1470 3612 cum
1500 3562 1670 3607 auro
1715 3551 2055 3607 ornatum.
2164 3542 2325 3607 Hoc
2369 3552 2478 3608 est

374 3650 451 3706 ut
481 3642 575 3705 sit
603 3641 774 3706 illud
804 3644 1297 3707 monasterium
1329 3663 1419 3706 on
1447 3644 1813 3709 Breodune
1856 3644 2221 3707 liberatum
2253 3651 2323 3708 et
2353 3646 2475 3707 ab·

373 3743 679 3806 solutum
706 3744 794 3806 ab
823 3743 1141 3807 omnibus
1183 3744 1436 3820 causiS‚
1464 3744 1737 3826 magnis
1783 3744 1895 3807 uel
1935 3743 2245 3821 modicis,
2291 3747 2476 3809 notis

375 3861 456 3906 ac
487 3843 772 3923 ignotiS‚
799 3862 979 3925 quae
1023 3843 1189 3906 mihi
1229 3852 1351 3907 aut
1381 3844 1804 3927 principibus
1831 3839 2313 3908 Tonsetorum¹
2349 3866 2477 3910 un-

277 3928 284 3936 ’
375 3962 581 4024 quam
628 3949 790 4007 ante
841 3961 926 4005 ea
976 3944 1413 4025 pertinebant
1433 3961 1537 4007 'ex
1574 3944 1696 4007 illo
1741 3944 2184 4021 monasterio,
2214 3946 2478 4009 tamdiu

376 4042 674 4106 uoluerit
701 4041 870 4105 deus
901 4049 981 4107 ut
1007 4042 1332 4126 baptismi
1360 4044 1587 4124 gratia
1628 4050 1698 4108 et
1730 4051 1920 4108 recta
1949 4043 2117 4107 fides
2169 4064 2324 4106 cum
2371 4064 2478 4105 re-

380 4141 579 4222 gibus
631 4161 714 4205 ac
776 4142 1199 4225 principibus
1251 4142 1665 4207 Christianis
1712 4145 1786 4207 in
1832 4143 2089 4226 populo
2131 4140 2316 4220 fideli
2366 4141 2479 4202 fir-

1293 4288 1311 4321 ¹
1337 4292 1450 4343 MS.
1475 4294 1568 4362 sic.
