3044 5019
417 901 486 982 C
512 884 1049 1003 HARTAE
1135 903 2376 988 ANGLOSAXONICAE.

1264 1155 1624 1165 ———-

1256 1338 1596 1407 CCXLI.

637 1486 1317 1555 AETHELUULF
1363 1488 1494 1552 OF
1538 1488 1977 1568 WESSEX,
2023 1489 2175 1555 839.

465 1638 544 1717 ›1‹
588 1635 680 1699 IN
711 1637 985 1699 nomine
1016 1635 1086 1699 di
1116 1636 1295 1700 ssimi
1333 1637 1516 1717 regis
1562 1637 1803 1717 aeterni
1834 1637 1986 1719 Ego
2032 1637 2458 1709 aeoeluulfus‘

354 1755 482 1798 rex
528 1735 1056 1801 occidentalium
1118 1737 1388 1801 saxonii
1433 1738 1827 1800 centuriorii
1876 1758 2002 1801 nec
2056 1758 2193 1801 non
2248 1758 2455 1802 cunc-

262 1896 265 1897 ?
353 1835 539 1897 tibus
570 1835 732 1899 trali
758 1835 996 1916 populi
1027 1836 1143 1899 diii
1174 1835 1514 1899 adridenti
1542 1837 1724 1917 grati
1760 1836 2075 1917 regimini
2121 1838 2452 1918 praelatus

355 1954 482 2015 pro
527 1934 927 2015 expiatione
974 1935 1398 2016 piaculorum
1444 1938 1681 1998 meorii
1729 1955 1926 2017 proq.
1974 1956 2095 2017 spe
2141 1956 2451 2000 remune-

354 2033 641 2096 rationis
674 2041 928 2096 aeterne
958 2054 1223 2099 necnon
1267 2041 1338 2097 et
1361 2035 1779 2115 'conpetenti
1823 2036 2114 2116 pecunia
2147 2055 2283 2117 qua
2335 2057 2452 2100 ac·
2457 2078 2463 2089 ·

352 2132 505 2214 cepi
533 2133 664 2196 hoc
694 2155 729 2200 ξ
760 2148 942 2198 ,1111.
975 2135 1247 2215 argenti
1292 2133 1416 2197 tibi
1458 2132 1663 2196 iodan
1691 2132 1923 2215 aliqua
1951 2141 2219 2215 partem
2247 2142 2449 2200 terrae

352 2231 519 2295 iuris
547 2232 682 2295 mei
708 2233 893 2297 hoc-:—
925 2252 1131 2299 unam
1179 2233 1416 2296 uillam
1460 2232 1647 2297 intra
1694 2234 1976 2298 ciuitate
2019 2234 2447 2299 dorouerniae

353 2338 424 2395 et
468 2332 557 2395 ad
602 2332 739 2394 illis
778 2332 1194 2415 pertinentia
1223 2348 1475 2396 xxnn.
1525 2333 1802 2414 iugeras
1845 2339 2078 2398 tamen
2121 2334 2195 2396 in
2239 2334 2445 2398 duab:

350 2429 521 2494 locis
569 2432 644 2494 in
682 2432 1092 2495 dorouernia
1142 2432 1446 2498 ciuitatis
1491 2433 1691 2495 intua
1736 2451 1968 2496 muros
2013 2433 2318 2496 ciuitatis
2352 2454 2446 2499 .X.

350 2530 593 2612 iugera
621 2551 777 2595 cum
819 2532 1067 2596 uiculis
1113 2532 1460 2614 praedictis
1504 2540 1575 2595 et
1620 2533 1691 2595 in
1736 2533 2054 2614 aquilone
2098 2534 2449 2614 praedictae

349 2631 707 2696 ciuitatis,
734 2648 930 2696 x1111.
974 2632 1217 2713 iugera
1259 2631 1458 2695 histis
1489 2620 1831 2696 terminib:
1879 2632 2447 2697 circiiiacentibus

344 2730 419 2793 in
451 2732 717 2794 oriente
746 2731 1024 2813 publica
1067 2738 1289 2796 strata
1330 2732 1404 2793 in
1447 2732 1750 2796 australe
1792 2737 1862 2794 et
1896 2731 2218 2814 aquilone
2263 2740 2450 2798 terre
2519 2742 2526 2750 ’

345 2830 442 2892 ris
491 2850 701 2913 quam
734 2830 910 2895 bolis
958 2830 1165 2894 habet
1214 2832 1286 2893 in
1333 2831 1687 2894 occidente
1734 2837 1936 2912 prata
1968 2831 2098 2893 abb
2155 2832 2242 2896 ad
2299 2801 2446 2893 scm

345 2930 790 3010 augustinam
847 2931 1029 2994 inter
1085 2931 1265 2994 iacet
1330 2930 1634 2993 fluminae
1692 2936 1902 2992 sturae
1958 2935 2028 2992 et
2082 2927 2212 2992 hoc
2263 2911 2446 2992 idem

345 3029 580 3111 agellu
608 3049 765 3092 cum
795 3030 980 3092 uillis
1003 3030 1350 3112 praedictis
1380 3030 1507 3093 tibi
1534 3029 1812 3092 duddan
1841 3028 1927 3091 ad
1956 3027 2345 3094 habendum
2373 3037 2444 3092 et

342 3129 835 3211 possidendum
873 3129 1231 3211 feliciterq.
1262 3128 1748 3210 perfruendum
1779 3135 1849 3191 et
1891 3136 2051 3209 post
2077 3127 2222 3193 dies
2268 3130 2442 3192 duos

344 3248 708 3311 cuacumq.
735 3229 970 3292 heredi
999 3230 1124 3292 tibi
1158 3229 1494 3310 placuerit
1521 3228 2129 3311 derelinquendum
2160 3230 2233 3291 in
2263 3249 2446 3292 sem-

340 3328 685 3409 piternam
729 3328 1178 3392 hereditatem
1219 3327 1654 3391 concedendo
1684 3328 1955 3392 donabo
1987 3335 2057 3391 et
2085 3327 2217 3392 hoc
2258 3328 2440 3391 idem

342 3428 432 3489 ab
463 3427 653 3490 omni
681 3427 843 3509 iugo
873 3428 1215 3491 seculariii
1259 3425 1740 3491 difficultatum
1782 3428 2091 3492 maiorib:
2122 3428 2435 3491 minorib:

342 3545 453 3589 uae
485 3545 614 3589 nas
642 3535 714 3591 et
739 3527 995 3608 ignotis
1025 3527 1110 3589 cii
1141 3528 1339 3607 signo
1367 3527 1503 3589 siiae
1532 3527 1752 3591 crucis
1784 3524 1903 3613 xpi
1947 3528 2443 3608 perpetualiter

342 3624 650 3689 liberabo
681 3626 815 3689 nisi
842 3626 949 3688 his
982 3626 1186 3689 duob:
1221 3626 1451 3688 causis
1476 3626 1606 3690 hoc
1634 3645 1667 3692 ε·
1694 3626 2129 3707 expeditione
2161 3634 2230 3690 et
2258 3628 2437 3689 arcis

343 3726 724 3789 munitione
770 3726 1106 3806 duobusq:
1169 3725 1383 3788 carris
1431 3725 1610 3788 dabo
1658 3726 2004 3789 licentiam
2054 3725 2284 3810 silfam
2346 3726 2436 3788 ad

339 3824 494 3889 illas
523 3825 827 3888 secundii
861 3826 1219 3907 antiquam
1263 3824 1823 3888 consuetudinem
1854 3831 1923 3887 et
1952 3826 2437 3888 constituidem

340 3923 411 3985 in
453 3932 702 3990 aestate
746 3923 1217 4013 perferendam
1264 3924 1339 3986 in
1389 3943 1746 3986 commune
1790 3922 1947 3986 silfa
1978 3949 2035 4011 q3
2068 3944 2191 3987 nos
2227 3944 2436 3987 saxo-

341 4025 512 4088 nicae
556 4027 633 4089 in
678 4024 1109 4106 gemennisse
1139 4022 1426 4085 dicimus
1529 4023 1603 4086 Si
1634 4023 1785 4104 quis
1810 4022 1991 4086 hanc
2019 4044 2240 4086 meam
2285 4042 2434 4083 mu-

342 4124 759 4188 nificentiam
828 4123 1029 4187 istius
1104 4122 1494 4210 donationis
1577 4142 1832 4203 augere
1887 4129 1986 4185 et'
2016 4119 2433 4201 amplificare

438 4241 604 4287 TOM.
641 4241 719 4287 11.
1793 4234 1797 4238 ·
2101 4235 2140 4277 B
