<?xml version="1.0" encoding="UTF-8"?>
<!DOCTYPE html PUBLIC "-//W3C//DTD XHTML 1.0 Transitional//EN"
    "http://www.w3.org/TR/xhtml1/DTD/xhtml1-transitional.dtd">
<html xmlns="http://www.w3.org/1999/xhtml" xml:lang="en" lang="en">
 <head>
  <title>
</title>
<meta http-equiv="Content-Type" content="text/html;charset=utf-8" />
  <meta name='ocr-system' content='tesseract 3.04.00' />
  <meta name='ocr-capabilities' content='ocr_page ocr_carea ocr_par ocr_line ocrx_word'/>
</head>
<body>
  <div class='ocr_page' id='page_1' title='image "./codexdiplomatic05kembgoog_0331.png"; bbox 0 0 3044 5019; ppageno 0'>
   <div class='ocr_carea' id='block_1_1' title="bbox 874 425 2466 493">
    <p class='ocr_par' dir='ltr' id='par_1_1' title="bbox 874 425 2466 493">
     <span class='ocr_line' id='line_1_1' title="bbox 874 425 2466 493; baseline 0.005 -9"><span class='ocrx_word' id='word_1_1' title='bbox 874 438 1217 489; x_wconf 72' lang='lat' dir='ltr'><strong>cHARTAE</strong></span> <span class='ocrx_word' id='word_1_2' title='bbox 1261 438 1946 487; x_wconf 70' lang='lat' dir='ltr'><strong>ANcLosAxochss.</strong></span> <span class='ocrx_word' id='word_1_3' title='bbox 2335 425 2466 493; x_wconf 83' lang='lat'><strong>279</strong></span> 
     </span>
    </p>
   </div>
   <div class='ocr_carea' id='block_1_2' title="bbox 341 594 2464 3864">
    <p class='ocr_par' dir='ltr' id='par_1_2' title="bbox 341 594 2464 3864">
     <span class='ocr_line' id='line_1_2' title="bbox 358 594 2464 678; baseline 0.001 -20"><span class='ocrx_word' id='word_1_4' title='bbox 358 594 522 658; x_wconf 90' lang='lat' dir='ltr'><strong>tulit</strong></span> <span class='ocrx_word' id='word_1_5' title='bbox 576 595 987 656; x_wconf 84' lang='lat' dir='ltr'><strong>sententiam</strong></span> <span class='ocrx_word' id='word_1_6' title='bbox 1050 594 1308 671; x_wconf 81' lang='lat' dir='ltr'><strong>dicenS,</strong></span> <span class='ocrx_word' id='word_1_7' title='bbox 1373 595 1626 658; x_wconf 90' lang='lat' dir='ltr'><strong>Omnia</strong></span> <span class='ocrx_word' id='word_1_8' title='bbox 1669 596 1855 659; x_wconf 92' lang='lat' dir='ltr'><strong>nuda</strong></span> <span class='ocrx_word' id='word_1_9' title='bbox 1900 603 1970 659; x_wconf 93' lang='lat' dir='ltr'><strong>et</strong></span> <span class='ocrx_word' id='word_1_10' title='bbox 2015 604 2257 678; x_wconf 90' lang='lat' dir='ltr'><strong>aperta</strong></span> <span class='ocrx_word' id='word_1_11' title='bbox 2301 606 2464 662; x_wconf 92' lang='lat' dir='ltr'><strong>sunt</strong></span> 
     </span>
     <span class='ocr_line' id='line_1_3' title="bbox 361 693 2462 777; baseline 0.001 -19"><span class='ocrx_word' id='word_1_12' title='bbox 361 713 598 758; x_wconf 94' lang='lat' dir='ltr'><strong>coram</strong></span> <span class='ocrx_word' id='word_1_13' title='bbox 638 694 856 757; x_wconf 90' lang='lat' dir='ltr'><strong>oculis</strong></span> <span class='ocrx_word' id='word_1_14' title='bbox 902 693 1035 770; x_wconf 92' lang='lat' dir='ltr'><strong>dei,</strong></span> <span class='ocrx_word' id='word_1_15' title='bbox 1083 701 1152 757; x_wconf 92' lang='lat' dir='ltr'><strong>et</strong></span> <span class='ocrx_word' id='word_1_16' title='bbox 1197 714 1240 757; x_wconf 99' lang='lat' dir='ltr'><strong>a</strong></span> <span class='ocrx_word' id='word_1_17' title='bbox 1284 694 1436 758; x_wconf 91' lang='lat' dir='ltr'><strong>luce</strong></span> <span class='ocrx_word' id='word_1_18' title='bbox 1489 695 1714 776; x_wconf 91' lang='lat' dir='ltr'><strong>prima</strong></span> <span class='ocrx_word' id='word_1_19' title='bbox 1750 716 1969 777; x_wconf 91' lang='lat' dir='ltr'><strong>usque</strong></span> <span class='ocrx_word' id='word_1_20' title='bbox 2017 698 2462 760; x_wconf 88' lang='lat' dir='ltr'><strong>conticinium</strong></span> 
     </span>
     <span class='ocr_line' id='line_1_4' title="bbox 354 794 2459 876; baseline 0.002 -20"><span class='ocrx_word' id='word_1_21' title='bbox 354 795 562 857; x_wconf 91' lang='lat' dir='ltr'><strong>unius</strong></span> <span class='ocrx_word' id='word_1_22' title='bbox 590 794 920 875; x_wconf 90' lang='lat' dir='ltr'><strong>cuiusque</strong></span> <span class='ocrx_word' id='word_1_23' title='bbox 948 801 1145 857; x_wconf 91' lang='lat' dir='ltr'><strong>actus</strong></span> <span class='ocrx_word' id='word_1_24' title='bbox 1190 795 1548 876; x_wconf 89' lang='lat' dir='ltr'><strong>prospicit,</strong></span> <span class='ocrx_word' id='word_1_25' title='bbox 1584 796 1704 876; x_wconf 92' lang='lat' dir='ltr'><strong>qui</strong></span> <span class='ocrx_word' id='word_1_26' title='bbox 1746 796 2214 860; x_wconf 83' lang='lat' dir='ltr'><strong>monarchiam</strong></span> <span class='ocrx_word' id='word_1_27' title='bbox 2244 798 2459 861; x_wconf 92' lang='lat' dir='ltr'><strong>totius</strong></span> 
     </span>
     <span class='ocr_line' id='line_1_5' title="bbox 358 892 2459 977; baseline 0.002 -22"><span class='ocrx_word' id='word_1_28' title='bbox 358 894 597 956; x_wconf 92' lang='lat' dir='ltr'><strong>mundi</strong></span> <span class='ocrx_word' id='word_1_29' title='bbox 643 913 724 956; x_wconf 91' lang='lat' dir='ltr'><strong>ac</strong></span> <span class='ocrx_word' id='word_1_30' title='bbox 773 892 1250 956; x_wconf 84' lang='lat' dir='ltr'><strong>celsitudinem</strong></span> <span class='ocrx_word' id='word_1_31' title='bbox 1299 893 1647 958; x_wconf 92' lang='lat' dir='ltr'><strong>coelorum</strong></span> <span class='ocrx_word' id='word_1_32' title='bbox 1683 895 2125 977; x_wconf 85' lang='lat' dir='ltr'><strong>abditamque</strong></span> <span class='ocrx_word' id='word_1_33' title='bbox 2174 897 2459 977; x_wconf 89' lang='lat' dir='ltr'><strong>profun-</strong></span> 
     </span>
     <span class='ocr_line' id='line_1_6' title="bbox 359 993 2458 1076; baseline 0.002 -21"><span class='ocrx_word' id='word_1_34' title='bbox 359 993 647 1056; x_wconf 90' lang='lat' dir='ltr'><strong>ditatem</strong></span> <span class='ocrx_word' id='word_1_35' title='bbox 723 1012 879 1055; x_wconf 92' lang='lat' dir='ltr'><strong>cum</strong></span> <span class='ocrx_word' id='word_1_36' title='bbox 955 1012 1122 1056; x_wconf 90' lang='lat' dir='ltr'><strong>suae</strong></span> <span class='ocrx_word' id='word_1_37' title='bbox 1195 993 1581 1057; x_wconf 90' lang='lat' dir='ltr'><strong>maiestatis</strong></span> <span class='ocrx_word' id='word_1_38' title='bbox 1654 994 1940 1076; x_wconf 90' lang='lat' dir='ltr'><strong>imperio</strong></span> <span class='ocrx_word' id='word_1_39' title='bbox 2018 1016 2200 1059; x_wconf 92' lang='lat' dir='ltr'><strong>nunc</strong></span> <span class='ocrx_word' id='word_1_40' title='bbox 2259 1003 2329 1059; x_wconf 91' lang='lat' dir='ltr'><strong>et</strong></span> <span class='ocrx_word' id='word_1_41' title='bbox 2387 997 2458 1059; x_wconf 92' lang='lat' dir='ltr'><strong>in</strong></span> 
     </span>
     <span class='ocr_line' id='line_1_7' title="bbox 362 1092 2453 1176; baseline 0.002 -20"><span class='ocrx_word' id='word_1_42' title='bbox 362 1113 613 1156; x_wconf 91' lang='lat' dir='ltr'><strong>aeuum</strong></span> <span class='ocrx_word' id='word_1_43' title='bbox 690 1093 1054 1174; x_wconf 85' lang='lat' dir='ltr'><strong>gubernat.</strong></span> <span class='ocrx_word' id='word_1_44' title='bbox 1194 1092 1639 1174; x_wconf 84' lang='lat' dir='ltr'><strong>Quapropter</strong></span> <span class='ocrx_word' id='word_1_45' title='bbox 1715 1114 1844 1176; x_wconf 99' lang='lat' dir='ltr'><strong>ego</strong></span> <span class='ocrx_word' id='word_1_46' title='bbox 1908 1094 2266 1158; x_wconf 90' lang='lat' dir='ltr'><strong>Eadredus</strong></span> <span class='ocrx_word' id='word_1_47' title='bbox 2332 1116 2453 1163; x_wconf 84' lang='lat' dir='ltr'><strong>rex</strong></span> 
     </span>
     <span class='ocr_line' id='line_1_8' title="bbox 363 1191 2454 1275; baseline 0.001 -19"><span class='ocrx_word' id='word_1_48' title='bbox 363 1191 778 1274; x_wconf 86' lang='lat' dir='ltr'><strong>Anglorum,</strong></span> <span class='ocrx_word' id='word_1_49' title='bbox 808 1199 1372 1274; x_wconf 88' lang='lat' dir='ltr'><strong>caeterarumque</strong></span> <span class='ocrx_word' id='word_1_50' title='bbox 1423 1194 1731 1273; x_wconf 90' lang='lat' dir='ltr'><strong>gentium</strong></span> <span class='ocrx_word' id='word_1_51' title='bbox 1763 1195 1834 1256; x_wconf 91' lang='lat' dir='ltr'><strong>in</strong></span> <span class='ocrx_word' id='word_1_52' title='bbox 1865 1194 2157 1257; x_wconf 90' lang='lat' dir='ltr'><strong>circuitu</strong></span> <span class='ocrx_word' id='word_1_53' title='bbox 2201 1197 2454 1275; x_wconf 90' lang='lat' dir='ltr'><strong>persis-</strong></span> 
     </span>
     <span class='ocr_line' id='line_1_9' title="bbox 361 1293 2453 1373; baseline 0.001 -18"><span class='ocrx_word' id='word_1_54' title='bbox 361 1293 655 1355; x_wconf 92' lang='lat' dir='ltr'><strong>tentium</strong></span> <span class='ocrx_word' id='word_1_55' title='bbox 698 1294 1118 1373; x_wconf 90' lang='lat' dir='ltr'><strong>gubernator</strong></span> <span class='ocrx_word' id='word_1_56' title='bbox 1163 1299 1232 1355; x_wconf 92' lang='lat' dir='ltr'><strong>et</strong></span> <span class='ocrx_word' id='word_1_57' title='bbox 1276 1299 1527 1370; x_wconf 92' lang='lat' dir='ltr'><strong>rector,</strong></span> <span class='ocrx_word' id='word_1_58' title='bbox 1562 1294 1831 1357; x_wconf 92' lang='lat' dir='ltr'><strong>cuidam</strong></span> <span class='ocrx_word' id='word_1_59' title='bbox 1884 1313 2037 1357; x_wconf 92' lang='lat' dir='ltr'><strong>meo</strong></span> <span class='ocrx_word' id='word_1_60' title='bbox 2089 1294 2274 1357; x_wconf 93' lang='lat' dir='ltr'><strong>fideli</strong></span> <span class='ocrx_word' id='word_1_61' title='bbox 2326 1297 2453 1358; x_wconf 94' lang='lat' dir='ltr'><strong>mi—</strong></span> 
     </span>
     <span class='ocr_line' id='line_1_10' title="bbox 365 1392 2451 1475; baseline 0.002 -21"><span class='ocrx_word' id='word_1_62' title='bbox 365 1393 584 1455; x_wconf 90' lang='lat' dir='ltr'><strong>nistro</strong></span> <span class='ocrx_word' id='word_1_63' title='bbox 613 1393 922 1455; x_wconf 94' lang='lat' dir='ltr'><strong>uocitato</strong></span> <span class='ocrx_word' id='word_1_64' title='bbox 950 1393 1222 1456; x_wconf 90' lang='lat' dir='ltr'><strong>nomine</strong></span> <span class='ocrx_word' id='word_1_65' title='bbox 1256 1392 1575 1469; x_wconf 91' lang='lat' dir='ltr'><strong>Wlfrico,</strong></span> <span class='ocrx_word' id='word_1_66' title='bbox 1621 1393 1777 1456; x_wconf 91' lang='lat' dir='ltr'><strong>dedi</strong></span> <span class='ocrx_word' id='word_1_67' title='bbox 1818 1395 2120 1475; x_wconf 91' lang='lat' dir='ltr'><strong>quinque</strong></span> <span class='ocrx_word' id='word_1_68' title='bbox 2173 1414 2451 1458; x_wconf 89' lang='lat' dir='ltr'><strong>mansas</strong></span> 
     </span>
     <span class='ocr_line' id='line_1_11' title="bbox 358 1491 2452 1573; baseline 0.002 -20"><span class='ocrx_word' id='word_1_69' title='bbox 358 1492 644 1573; x_wconf 87' lang='lat' dir='ltr'><strong>agelluli</strong></span> <span class='ocrx_word' id='word_1_70' title='bbox 698 1493 773 1555; x_wconf 92' lang='lat' dir='ltr'><strong>in</strong></span> <span class='ocrx_word' id='word_1_71' title='bbox 830 1491 951 1555; x_wconf 92' lang='lat' dir='ltr'><strong>illo</strong></span> <span class='ocrx_word' id='word_1_72' title='bbox 1009 1493 1186 1568; x_wconf 92' lang='lat' dir='ltr'><strong>loco,</strong></span> <span class='ocrx_word' id='word_1_73' title='bbox 1238 1493 1358 1554; x_wconf 98' lang='lat' dir='ltr'><strong>ubi</strong></span> <span class='ocrx_word' id='word_1_74' title='bbox 1417 1493 1817 1555; x_wconf 93' lang='lat' dir='ltr'><strong>iamdudum</strong></span> <span class='ocrx_word' id='word_1_75' title='bbox 1879 1494 2204 1557; x_wconf 86' lang='lat' dir='ltr'><strong>solicolae</strong></span> <span class='ocrx_word' id='word_1_76' title='bbox 2266 1494 2452 1558; x_wconf 92' lang='lat' dir='ltr'><strong>illius</strong></span> 
     </span>
     <span class='ocr_line' id='line_1_12' title="bbox 351 1592 2453 1673; baseline 0.002 -20"><span class='ocrx_word' id='word_1_77' title='bbox 351 1593 655 1672; x_wconf 85' lang='lat' dir='ltr'><strong>regionis</strong></span> <span class='ocrx_word' id='word_1_78' title='bbox 731 1612 981 1655; x_wconf 90' lang='lat' dir='ltr'><strong>nomen</strong></span> <span class='ocrx_word' id='word_1_79' title='bbox 1053 1593 1551 1673; x_wconf 85' lang='lat' dir='ltr'><strong>imposuerunt,</strong></span> <span class='ocrx_word' id='word_1_80' title='bbox 1625 1599 1699 1655; x_wconf 91' lang='lat' dir='ltr'><strong>at</strong></span> <span class='ocrx_word' id='word_1_81' title='bbox 1778 1592 2252 1673; x_wconf 84' lang='lat' dir='ltr'><strong>Idemestone3</strong></span> <span class='ocrx_word' id='word_1_82' title='bbox 2328 1595 2453 1658; x_wconf 91' lang='lat' dir='ltr'><strong>tali</strong></span> 
     </span>
     <span class='ocr_line' id='line_1_13' title="bbox 353 1691 2450 1773; baseline 0.002 -19"><span class='ocrx_word' id='word_1_83' title='bbox 353 1698 589 1754; x_wconf 90' lang='lat' dir='ltr'><strong>autem</strong></span> <span class='ocrx_word' id='word_1_84' title='bbox 667 1698 904 1754; x_wconf 90' lang='lat' dir='ltr'><strong>tenore</strong></span> <span class='ocrx_word' id='word_1_85' title='bbox 976 1691 1106 1755; x_wconf 95' lang='lat' dir='ltr'><strong>hoc</strong></span> <span class='ocrx_word' id='word_1_86' title='bbox 1181 1691 1538 1773; x_wconf 91' lang='lat' dir='ltr'><strong>praefatae</strong></span> <span class='ocrx_word' id='word_1_87' title='bbox 1629 1692 2138 1755; x_wconf 87' lang='lat' dir='ltr'><strong>munificentiae</strong></span> <span class='ocrx_word' id='word_1_88' title='bbox 2201 1714 2450 1758; x_wconf 92' lang='lat' dir='ltr'><strong>munus</strong></span> 
     </span>
     <span class='ocr_line' id='line_1_14' title="bbox 355 1790 2451 1872; baseline 0.002 -20"><span class='ocrx_word' id='word_1_89' title='bbox 355 1790 690 1853; x_wconf 90' lang='lat' dir='ltr'><strong>tradendo</strong></span> <span class='ocrx_word' id='word_1_90' title='bbox 768 1793 1100 1867; x_wconf 90' lang='lat' dir='ltr'><strong>concessi,</strong></span> <span class='ocrx_word' id='word_1_91' title='bbox 1172 1799 1252 1854; x_wconf 94' lang='lat' dir='ltr'><strong>ut</strong></span> <span class='ocrx_word' id='word_1_92' title='bbox 1308 1791 1663 1872; x_wconf 90' lang='lat' dir='ltr'><strong>possideat</strong></span> <span class='ocrx_word' id='word_1_93' title='bbox 1726 1798 1795 1854; x_wconf 99' lang='lat' dir='ltr'><strong>et</strong></span> <span class='ocrx_word' id='word_1_94' title='bbox 1857 1792 2142 1855; x_wconf 88' lang='lat' dir='ltr'><strong>firmiter</strong></span> <span class='ocrx_word' id='word_1_95' title='bbox 2216 1799 2451 1857; x_wconf 91' lang='lat' dir='ltr'><strong>teneat</strong></span> 
     </span>
     <span class='ocr_line' id='line_1_15' title="bbox 347 1890 2448 1971; baseline 0.002 -19"><span class='ocrx_word' id='word_1_96' title='bbox 347 1910 580 1971; x_wconf 18' lang='lat' dir='ltr'><strong>usque*</strong></span> <span class='ocrx_word' id='word_1_97' title='bbox 616 1890 704 1952; x_wconf 96' lang='lat' dir='ltr'><strong>ad</strong></span> <span class='ocrx_word' id='word_1_98' title='bbox 755 1892 1074 1953; x_wconf 91' lang='lat' dir='ltr'><strong>ultimum</strong></span> <span class='ocrx_word' id='word_1_99' title='bbox 1119 1910 1396 1953; x_wconf 89' lang='lat' dir='ltr'><strong>cursum</strong></span> <span class='ocrx_word' id='word_1_100' title='bbox 1434 1892 1624 1954; x_wconf 91' lang='lat' dir='ltr'><strong>uitae</strong></span> <span class='ocrx_word' id='word_1_101' title='bbox 1682 1910 1873 1967; x_wconf 89' lang='lat' dir='ltr'><strong>suae,</strong></span> <span class='ocrx_word' id='word_1_102' title='bbox 1924 1911 2079 1954; x_wconf 94' lang='lat' dir='ltr'><strong>cum</strong></span> <span class='ocrx_word' id='word_1_103' title='bbox 2129 1893 2448 1956; x_wconf 88' lang='lat' dir='ltr'><strong>omnibus</strong></span> 
     </span>
     <span class='ocr_line' id='line_1_16' title="bbox 349 1990 2449 2073; baseline 0.002 -21"><span class='ocrx_word' id='word_1_104' title='bbox 349 1990 787 2067; x_wconf 90' lang='lat' dir='ltr'><strong>utensilibus,</strong></span> <span class='ocrx_word' id='word_1_105' title='bbox 821 2010 1000 2072; x_wconf 92' lang='lat' dir='ltr'><strong>quae</strong></span> <span class='ocrx_word' id='word_1_106' title='bbox 1044 1991 1213 2055; x_wconf 90' lang='lat' dir='ltr'><strong>deus</strong></span> <span class='ocrx_word' id='word_1_107' title='bbox 1265 1991 1612 2054; x_wconf 91' lang='lat' dir='ltr'><strong>coelorum</strong></span> <span class='ocrx_word' id='word_1_108' title='bbox 1663 1992 1736 2053; x_wconf 91' lang='lat' dir='ltr'><strong>in</strong></span> <span class='ocrx_word' id='word_1_109' title='bbox 1785 1992 1937 2073; x_wconf 89' lang='lat' dir='ltr'><strong>ipso</strong></span> <span class='ocrx_word' id='word_1_110' title='bbox 1989 1992 2257 2054; x_wconf 90' lang='lat' dir='ltr'><strong>telluris</strong></span> <span class='ocrx_word' id='word_1_111' title='bbox 2289 2013 2449 2073; x_wconf 91' lang='lat' dir='ltr'><strong>gra-</strong></span> 
     </span>
     <span class='ocr_line' id='line_1_17' title="bbox 356 2090 2448 2172; baseline 0.002 -21"><span class='ocrx_word' id='word_1_112' title='bbox 356 2090 539 2152; x_wconf 91' lang='lat' dir='ltr'><strong>mine</strong></span> <span class='ocrx_word' id='word_1_113' title='bbox 593 2091 880 2166; x_wconf 90' lang='lat' dir='ltr'><strong>creauit,</strong></span> <span class='ocrx_word' id='word_1_114' title='bbox 932 2096 1077 2153; x_wconf 92' lang='lat' dir='ltr'><strong>tam</strong></span> <span class='ocrx_word' id='word_1_115' title='bbox 1133 2091 1205 2152; x_wconf 90' lang='lat' dir='ltr'><strong>in</strong></span> <span class='ocrx_word' id='word_1_116' title='bbox 1267 2091 1449 2153; x_wconf 91' lang='lat' dir='ltr'><strong>notis</strong></span> <span class='ocrx_word' id='word_1_117' title='bbox 1507 2091 1736 2154; x_wconf 90' lang='lat' dir='ltr'><strong>causis</strong></span> <span class='ocrx_word' id='word_1_118' title='bbox 1781 2110 1990 2172; x_wconf 91' lang='lat' dir='ltr'><strong>quam</strong></span> <span class='ocrx_word' id='word_1_119' title='bbox 2048 2091 2332 2172; x_wconf 91' lang='lat' dir='ltr'><strong>ignotis,</strong></span> <span class='ocrx_word' id='word_1_120' title='bbox 2375 2094 2448 2155; x_wconf 94' lang='lat' dir='ltr'><strong>in</strong></span> 
     </span>
     <span class='ocr_line' id='line_1_18' title="bbox 352 2188 2446 2272; baseline 0.002 -21"><span class='ocrx_word' id='word_1_121' title='bbox 352 2188 641 2252; x_wconf 88' lang='lat' dir='ltr'><strong>modicis</strong></span> <span class='ocrx_word' id='word_1_122' title='bbox 687 2197 756 2252; x_wconf 90' lang='lat' dir='ltr'><strong>et</strong></span> <span class='ocrx_word' id='word_1_123' title='bbox 808 2190 880 2251; x_wconf 92' lang='lat' dir='ltr'><strong>in</strong></span> <span class='ocrx_word' id='word_1_124' title='bbox 932 2189 1226 2271; x_wconf 83' lang='lat' dir='ltr'><strong>magnis,</strong></span> <span class='ocrx_word' id='word_1_125' title='bbox 1259 2191 1545 2271; x_wconf 90' lang='lat' dir='ltr'><strong>campis,</strong></span> <span class='ocrx_word' id='word_1_126' title='bbox 1590 2191 1891 2272; x_wconf 89' lang='lat' dir='ltr'><strong>pascuis,</strong></span> <span class='ocrx_word' id='word_1_127' title='bbox 1936 2192 2179 2271; x_wconf 82' lang='lat' dir='ltr'><strong>pratiS,</strong></span> <span class='ocrx_word' id='word_1_128' title='bbox 2226 2192 2446 2269; x_wconf 82' lang='lat' dir='ltr'><strong>siluiS,</strong></span> 
     </span>
     <span class='ocr_line' id='line_1_19' title="bbox 353 2287 2447 2372; baseline 0.002 -22"><span class='ocrx_word' id='word_1_129' title='bbox 353 2288 620 2351; x_wconf 91' lang='lat' dir='ltr'><strong>donans</strong></span> <span class='ocrx_word' id='word_1_130' title='bbox 652 2287 924 2353; x_wconf 93' lang='lat' dir='ltr'><strong>donabo</strong></span> <span class='ocrx_word' id='word_1_131' title='bbox 969 2290 1377 2353; x_wconf 90' lang='lat' dir='ltr'><strong>libertatem.</strong></span> <span class='ocrx_word' id='word_1_132' title='bbox 1484 2289 1579 2352; x_wconf 91' lang='lat' dir='ltr'><strong>Et</strong></span> <span class='ocrx_word' id='word_1_133' title='bbox 1613 2296 1983 2372; x_wconf 88' lang='lat' dir='ltr'><strong>postquam</strong></span> <span class='ocrx_word' id='word_1_134' title='bbox 2015 2289 2296 2353; x_wconf 92' lang='lat' dir='ltr'><strong>humani</strong></span> <span class='ocrx_word' id='word_1_135' title='bbox 2327 2312 2447 2372; x_wconf 91' lang='lat' dir='ltr'><strong>ge-</strong></span> 
     </span>
     <span class='ocr_line' id='line_1_20' title="bbox 348 2388 2445 2470; baseline 0.002 -21"><span class='ocrx_word' id='word_1_136' title='bbox 348 2388 532 2450; x_wconf 90' lang='lat' dir='ltr'><strong>neris</strong></span> <span class='ocrx_word' id='word_1_137' title='bbox 572 2388 1022 2470; x_wconf 90' lang='lat' dir='ltr'><strong>fragilitatem</strong></span> <span class='ocrx_word' id='word_1_138' title='bbox 1070 2388 1470 2465; x_wconf 88' lang='lat' dir='ltr'><strong>deseruerit,</strong></span> <span class='ocrx_word' id='word_1_139' title='bbox 1524 2396 1594 2452; x_wconf 94' lang='lat' dir='ltr'><strong>et</strong></span> <span class='ocrx_word' id='word_1_140' title='bbox 1639 2389 1727 2452; x_wconf 95' lang='lat' dir='ltr'><strong>ad</strong></span> <span class='ocrx_word' id='word_1_141' title='bbox 1781 2388 2299 2452; x_wconf 89' lang='lat' dir='ltr'><strong>desiderabilem</strong></span> <span class='ocrx_word' id='word_1_142' title='bbox 2343 2391 2445 2454; x_wconf 93' lang='lat' dir='ltr'><strong>io-</strong></span> 
     </span>
     <span class='ocr_line' id='line_1_21' title="bbox 344 2487 2446 2572; baseline 0.001 -22"><span class='ocrx_word' id='word_1_143' title='bbox 344 2487 724 2552; x_wconf 89' lang='lat' dir='ltr'><strong>cunditatis</strong></span> <span class='ocrx_word' id='word_1_144' title='bbox 775 2489 963 2553; x_wconf 89' lang='lat' dir='ltr'><strong>uiam</strong></span> <span class='ocrx_word' id='word_1_145' title='bbox 1007 2509 1130 2572; x_wconf 91' lang='lat' dir='ltr'><strong>per</strong></span> <span class='ocrx_word' id='word_1_146' title='bbox 1180 2489 1478 2571; x_wconf 89' lang='lat' dir='ltr'><strong>gratiam</strong></span> <span class='ocrx_word' id='word_1_147' title='bbox 1529 2489 1808 2570; x_wconf 90' lang='lat' dir='ltr'><strong>superni</strong></span> <span class='ocrx_word' id='word_1_148' title='bbox 1872 2489 2117 2553; x_wconf 91' lang='lat' dir='ltr'><strong>iudicis</strong></span> <span class='ocrx_word' id='word_1_149' title='bbox 2176 2489 2446 2568; x_wconf 90' lang='lat' dir='ltr'><strong>adierit,</strong></span> 
     </span>
     <span class='ocr_line' id='line_1_22' title="bbox 347 2587 2445 2671; baseline 0.001 -21"><span class='ocrx_word' id='word_1_150' title='bbox 347 2587 862 2651; x_wconf 89' lang='lat' dir='ltr'><strong>succedentium</strong></span> <span class='ocrx_word' id='word_1_151' title='bbox 907 2590 1037 2653; x_wconf 87' lang='lat' dir='ltr'><strong>sibi</strong></span> <span class='ocrx_word' id='word_1_152' title='bbox 1082 2590 1489 2671; x_wconf 91' lang='lat' dir='ltr'><strong>cuicumque</strong></span> <span class='ocrx_word' id='word_1_153' title='bbox 1534 2589 1812 2653; x_wconf 92' lang='lat' dir='ltr'><strong>libuerit</strong></span> <span class='ocrx_word' id='word_1_154' title='bbox 1843 2590 2287 2653; x_wconf 91' lang='lat' dir='ltr'><strong>aeternaliter</strong></span> <span class='ocrx_word' id='word_1_155' title='bbox 2328 2591 2445 2653; x_wconf 91' lang='lat' dir='ltr'><strong>de-</strong></span> 
     </span>
     <span class='ocr_line' id='line_1_23' title="bbox 343 2687 2447 2772; baseline 0.001 -22"><span class='ocrx_word' id='word_1_156' title='bbox 343 2687 715 2769; x_wconf 89' lang='lat' dir='ltr'><strong>relinquat,</strong></span> <span class='ocrx_word' id='word_1_157' title='bbox 753 2709 875 2753; x_wconf 94' lang='lat' dir='ltr'><strong>ceu</strong></span> <span class='ocrx_word' id='word_1_158' title='bbox 927 2689 1242 2772; x_wconf 89' lang='lat' dir='ltr'><strong>superius</strong></span> <span class='ocrx_word' id='word_1_159' title='bbox 1282 2690 1711 2771; x_wconf 87' lang='lat' dir='ltr'><strong>praenotaui.</strong></span> <span class='ocrx_word' id='word_1_160' title='bbox 1819 2689 1926 2753; x_wconf 91' lang='lat' dir='ltr'><strong>Sit</strong></span> <span class='ocrx_word' id='word_1_161' title='bbox 1969 2697 2199 2753; x_wconf 91' lang='lat' dir='ltr'><strong>autem</strong></span> <span class='ocrx_word' id='word_1_162' title='bbox 2247 2709 2447 2771; x_wconf 90' lang='lat' dir='ltr'><strong>prae-</strong></span> 
     </span>
     <span class='ocr_line' id='line_1_24' title="bbox 341 2786 2443 2866; baseline 0.001 -17"><span class='ocrx_word' id='word_1_163' title='bbox 341 2786 602 2851; x_wconf 91' lang='lat' dir='ltr'><strong>dictum</strong></span> <span class='ocrx_word' id='word_1_164' title='bbox 635 2806 753 2851; x_wconf 91' lang='lat' dir='ltr'><strong>rus</strong></span> <span class='ocrx_word' id='word_1_165' title='bbox 803 2790 977 2852; x_wconf 91' lang='lat' dir='ltr'><strong>liber</strong></span> <span class='ocrx_word' id='word_1_166' title='bbox 1021 2790 1108 2853; x_wconf 91' lang='lat' dir='ltr'><strong>ab</strong></span> <span class='ocrx_word' id='word_1_167' title='bbox 1141 2790 1326 2852; x_wconf 94' lang='lat' dir='ltr'><strong>omni</strong></span> <span class='ocrx_word' id='word_1_168' title='bbox 1376 2788 1597 2852; x_wconf 83' lang='lat' dir='ltr'><strong>fiscali</strong></span> <span class='ocrx_word' id='word_1_169' title='bbox 1633 2790 1916 2866; x_wconf 90' lang='lat' dir='ltr'><strong>tributo,</strong></span> <span class='ocrx_word' id='word_1_170' title='bbox 1957 2790 2443 2853; x_wconf 89' lang='lat' dir='ltr'><strong>saecularium-</strong></span> 
     </span>
     <span class='ocr_line' id='line_1_25' title="bbox 345 2889 2447 2971; baseline 0.001 -22"><span class='ocrx_word' id='word_1_171' title='bbox 345 2907 478 2969; x_wconf 93' lang='lat' dir='ltr'><strong>que</strong></span> <span class='ocrx_word' id='word_1_172' title='bbox 528 2889 967 2966; x_wconf 90' lang='lat' dir='ltr'><strong>seruitutum,</strong></span> <span class='ocrx_word' id='word_1_173' title='bbox 1023 2890 1171 2952; x_wconf 87' lang='lat' dir='ltr'><strong>sine</strong></span> <span class='ocrx_word' id='word_1_174' title='bbox 1233 2889 1695 2971; x_wconf 88' lang='lat' dir='ltr'><strong>expeditione,</strong></span> <span class='ocrx_word' id='word_1_175' title='bbox 1762 2895 1832 2951; x_wconf 91' lang='lat' dir='ltr'><strong>et</strong></span> <span class='ocrx_word' id='word_1_176' title='bbox 1891 2890 2123 2969; x_wconf 93' lang='lat' dir='ltr'><strong>pontis</strong></span> <span class='ocrx_word' id='word_1_177' title='bbox 2180 2889 2447 2952; x_wconf 88' lang='lat' dir='ltr'><strong>arcisue</strong></span> 
     </span>
     <span class='ocr_line' id='line_1_26' title="bbox 342 2988 2443 3070; baseline 0 -21"><span class='ocrx_word' id='word_1_178' title='bbox 342 2988 797 3052; x_wconf 88' lang='lat' dir='ltr'><strong>instructione</strong></span> <span class='ocrx_word' id='word_1_179' title='bbox 852 2990 1257 3052; x_wconf 90' lang='lat' dir='ltr'><strong>tauratione.</strong></span> <span class='ocrx_word' id='word_1_180' title='bbox 1364 2988 1594 3070; x_wconf 89' lang='lat' dir='ltr'><strong>Siquis</strong></span> <span class='ocrx_word' id='word_1_181' title='bbox 1646 2988 1777 3051; x_wconf 95' lang='lat' dir='ltr'><strong>hoc</strong></span> <span class='ocrx_word' id='word_1_182' title='bbox 1838 2989 2119 3069; x_wconf 90' lang='lat' dir='ltr'><strong>propria</strong></span> <span class='ocrx_word' id='word_1_183' title='bbox 2169 2990 2443 3050; x_wconf 91' lang='lat' dir='ltr'><strong>temeri-</strong></span> 
     </span>
     <span class='ocr_line' id='line_1_27' title="bbox 343 3088 2443 3170; baseline 0 -21"><span class='ocrx_word' id='word_1_184' title='bbox 343 3094 490 3151; x_wconf 87' lang='lat' dir='ltr'><strong>tate</strong></span> <span class='ocrx_word' id='word_1_185' title='bbox 526 3088 865 3151; x_wconf 91' lang='lat' dir='ltr'><strong>uiolenter</strong></span> <span class='ocrx_word' id='word_1_186' title='bbox 894 3088 1220 3152; x_wconf 88' lang='lat' dir='ltr'><strong>inuadere</strong></span> <span class='ocrx_word' id='word_1_187' title='bbox 1263 3088 1826 3170; x_wconf 89' lang='lat' dir='ltr'><strong>praesumpserit,</strong></span> <span class='ocrx_word' id='word_1_188' title='bbox 1858 3088 2033 3150; x_wconf 90' lang='lat' dir='ltr'><strong>sciat</strong></span> <span class='ocrx_word' id='word_1_189' title='bbox 2065 3106 2139 3150; x_wconf 90' lang='lat' dir='ltr'><strong>se</strong></span> <span class='ocrx_word' id='word_1_190' title='bbox 2169 3088 2443 3169; x_wconf 91' lang='lat' dir='ltr'><strong>procul-</strong></span> 
     </span>
     <span class='ocr_line' id='line_1_28' title="bbox 342 3187 2443 3251; baseline 0.001 -2"><span class='ocrx_word' id='word_1_191' title='bbox 342 3187 551 3251; x_wconf 93' lang='lat' dir='ltr'><strong>dubio</strong></span> <span class='ocrx_word' id='word_1_192' title='bbox 613 3195 774 3251; x_wconf 90' lang='lat' dir='ltr'><strong>ante</strong></span> <span class='ocrx_word' id='word_1_193' title='bbox 836 3189 1140 3251; x_wconf 90' lang='lat' dir='ltr'><strong>tribunal</strong></span> <span class='ocrx_word' id='word_1_194' title='bbox 1194 3188 1489 3251; x_wconf 90' lang='lat' dir='ltr'><strong>districti</strong></span> <span class='ocrx_word' id='word_1_195' title='bbox 1544 3188 1787 3250; x_wconf 90' lang='lat' dir='ltr'><strong>iudicis</strong></span> <span class='ocrx_word' id='word_1_196' title='bbox 1841 3188 2256 3250; x_wconf 91' lang='lat' dir='ltr'><strong>titubantem</strong></span> <span class='ocrx_word' id='word_1_197' title='bbox 2306 3193 2443 3251; x_wconf 91' lang='lat' dir='ltr'><strong>tre-</strong></span> 
     </span>
     <span class='ocr_line' id='line_1_29' title="bbox 343 3286 2447 3369; baseline 0 -19"><span class='ocrx_word' id='word_1_198' title='bbox 343 3286 897 3369; x_wconf 90' lang='lat' dir='ltr'><strong>mebundumque</strong></span> <span class='ocrx_word' id='word_1_199' title='bbox 958 3289 1293 3351; x_wconf 91' lang='lat' dir='ltr'><strong>rationem</strong></span> <span class='ocrx_word' id='word_1_200' title='bbox 1355 3287 1803 3364; x_wconf 89' lang='lat' dir='ltr'><strong>redditurum,</strong></span> <span class='ocrx_word' id='word_1_201' title='bbox 1879 3288 2011 3350; x_wconf 91' lang='lat' dir='ltr'><strong>nisi</strong></span> <span class='ocrx_word' id='word_1_202' title='bbox 2082 3287 2273 3368; x_wconf 91' lang='lat' dir='ltr'><strong>prius</strong></span> <span class='ocrx_word' id='word_1_203' title='bbox 2337 3288 2447 3351; x_wconf 92' lang='lat' dir='ltr'><strong>hic</strong></span> 
     </span>
     <span class='ocr_line' id='line_1_30' title="bbox 343 3385 2440 3467; baseline 0.001 -20"><span class='ocrx_word' id='word_1_204' title='bbox 343 3385 557 3467; x_wconf 90' lang='lat' dir='ltr'><strong>digna</strong></span> <span class='ocrx_word' id='word_1_205' title='bbox 590 3387 1057 3451; x_wconf 86' lang='lat' dir='ltr'><strong>satisfactione</strong></span> <span class='ocrx_word' id='word_1_206' title='bbox 1090 3388 1450 3450; x_wconf 89' lang='lat' dir='ltr'><strong>emendare</strong></span> <span class='ocrx_word' id='word_1_207' title='bbox 1482 3388 1824 3450; x_wconf 91' lang='lat' dir='ltr'><strong>maluerit.</strong></span> <span class='ocrx_word' id='word_1_208' title='bbox 1916 3385 2101 3450; x_wconf 90' lang='lat' dir='ltr'><strong>Acta</strong></span> <span class='ocrx_word' id='word_1_209' title='bbox 2133 3394 2239 3449; x_wconf 90' lang='lat' dir='ltr'><strong>est</strong></span> <span class='ocrx_word' id='word_1_210' title='bbox 2270 3385 2440 3450; x_wconf 89' lang='lat' dir='ltr'><strong>haec</strong></span> 
     </span>
     <span class='ocr_line' id='line_1_31' title="bbox 344 3485 2442 3566; baseline -0 -18"><span class='ocrx_word' id='word_1_211' title='bbox 344 3486 662 3566; x_wconf 85' lang='lat' dir='ltr'><strong>praefata</strong></span> <span class='ocrx_word' id='word_1_212' title='bbox 714 3485 994 3551; x_wconf 92' lang='lat' dir='ltr'><strong>donatio</strong></span> <span class='ocrx_word' id='word_1_213' title='bbox 1040 3507 1223 3550; x_wconf 91' lang='lat' dir='ltr'><strong>anno</strong></span> <span class='ocrx_word' id='word_1_214' title='bbox 1271 3488 1358 3550; x_wconf 99' lang='lat' dir='ltr'><strong>ab</strong></span> <span class='ocrx_word' id='word_1_215' title='bbox 1403 3487 1879 3550; x_wconf 91' lang='lat' dir='ltr'><strong>incarnatione</strong></span> <span class='ocrx_word' id='word_1_216' title='bbox 1923 3486 2179 3550; x_wconf 89' lang='lat' dir='ltr'><strong>domini</strong></span> <span class='ocrx_word' id='word_1_217' title='bbox 2227 3488 2442 3549; x_wconf 85' lang='lat' dir='ltr'><strong>nostri</strong></span> 
     </span>
     <span class='ocr_line' id='line_1_32' title="bbox 346 3584 2445 3666; baseline 0 -18"><span class='ocrx_word' id='word_1_218' title='bbox 346 3586 558 3649; x_wconf 89' lang='lat' dir='ltr'><strong>Ihesu</strong></span> <span class='ocrx_word' id='word_1_219' title='bbox 591 3584 850 3649; x_wconf 88' lang='lat' dir='ltr'><strong>Christi</strong></span> <span class='ocrx_word' id='word_1_220' title='bbox 885 3603 1374 3651; x_wconf 80' lang='lat' dir='ltr'><strong>Dcccchvm.</strong></span> <span class='ocrx_word' id='word_1_221' title='bbox 1402 3585 1777 3649; x_wconf 90' lang='lat' dir='ltr'><strong>indictione</strong></span> <span class='ocrx_word' id='word_1_222' title='bbox 1815 3602 1934 3649; x_wconf 68' lang='grc' dir='ltr'><strong>Νι.</strong></span> <span class='ocrx_word' id='word_1_223' title='bbox 2042 3585 2204 3648; x_wconf 90' lang='lat' dir='ltr'><strong>Hiis</strong></span> <span class='ocrx_word' id='word_1_224' title='bbox 2232 3585 2445 3666; x_wconf 85' lang='lat' dir='ltr'><strong>igitur</strong></span> 
     </span>
     <span class='ocr_line' id='line_1_33' title="bbox 345 3686 2442 3768; baseline 0 -20"><span class='ocrx_word' id='word_1_225' title='bbox 345 3687 654 3749; x_wconf 91' lang='lat' dir='ltr'><strong>terminis</strong></span> <span class='ocrx_word' id='word_1_226' title='bbox 700 3687 1087 3767; x_wconf 91' lang='lat' dir='ltr'><strong>praefatum</strong></span> <span class='ocrx_word' id='word_1_227' title='bbox 1133 3705 1250 3748; x_wconf 91' lang='lat' dir='ltr'><strong>rus</strong></span> <span class='ocrx_word' id='word_1_228' title='bbox 1296 3706 1789 3768; x_wconf 89' lang='lat' dir='ltr'><strong>usquequaque</strong></span> <span class='ocrx_word' id='word_1_229' title='bbox 1823 3686 2292 3767; x_wconf 90' lang='lat' dir='ltr'><strong>circumgirari</strong></span> <span class='ocrx_word' id='word_1_230' title='bbox 2336 3686 2442 3748; x_wconf 93' lang='lat' dir='ltr'><strong>ui-</strong></span> 
     </span>
     <span class='ocr_line' id='line_1_34' title="bbox 347 3779 768 3864; baseline 0.002 -16"><span class='ocrx_word' id='word_1_231' title='bbox 347 3785 571 3864; x_wconf 90' lang='lat' dir='ltr'><strong>detur,</strong></span> <span class='ocrx_word' id='word_1_232' title='bbox 611 3779 768 3849; x_wconf 90' lang='lat' dir='ltr'><strong>etc.¹</strong></span> 
     </span>
    </p>
   </div>
   <div class='ocr_carea' id='block_1_3' title="bbox 1119 3909 1661 3963">
    <p class='ocr_par' dir='ltr' id='par_1_3' title="bbox 1119 3909 1661 3963">
     <span class='ocr_line' id='line_1_35' title="bbox 1119 3909 1661 3963; baseline 0.002 -3"><span class='ocrx_word' id='word_1_233' title='bbox 1119 3909 1136 3941; x_wconf 85' lang='lat'>¹</span> <span class='ocrx_word' id='word_1_234' title='bbox 1160 3911 1254 3961; x_wconf 83' lang='lat' dir='ltr'><strong>See</strong></span> <span class='ocrx_word' id='word_1_235' title='bbox 1280 3912 1380 3962; x_wconf 91' lang='lat' dir='ltr'><strong>No.</strong></span> <span class='ocrx_word' id='word_1_236' title='bbox 1406 3925 1661 3963; x_wconf 82' lang='lat' dir='ltr'><strong>ccccxvn.</strong></span> 
     </span>
    </p>
   </div>
  </div>
 </body>
</html>
