3044 5019
590 432 680 497 26
1105 449 1449 497 CHARTAE
1495 446 2180 496 ANcLosAxochss.

594 602 772 668 biter
814 604 1127 667 consensi
1172 610 1241 668 et
1293 604 1691 688 subscripsi.
1805 607 1884 687 »14
1919 605 2072 687 Ego
2130 602 2470 680 Berhtric,
2524 604 2699 667 filius

594 704 804 785 regis,
849 705 1184 767 consensi.
1299 707 1377 786 »14
1412 705 1566 786 Ego
1612 705 1846 768 Mucel
1889 706 2034 768 dux
2081 704 2395 769 consensi
2439 712 2510 767 et
2540 705 2699 766 sub-

596 803 862 885 scripsi.
919 798 998 886 »14
1033 805 1186 886 Ego
1214 804 1608 869 Humberht
1630 805 1776 869 dux
1798 806 2138 869 consensi.
2213 806 2292 886 »14
2328 804 2481 885 Ego
2505 801 2697 867 Aelf-

597 911 757 968 stan
795 903 940 967 dux
972 906 1310 968 consensi.
1424 907 1503 987 »14
1539 906 1692 986 Ego
1731 904 2128 988 Cyneberht
2174 903 2319 967 dux
2358 903 2698 967 consensi.

609 1006 687 1085 »14
717 1004 871 1086 Ego
900 1001 1314 1069 Aetheluulf
1345 1005 1491 1069 dux
1541 1006 1876 1069 consensi.
1964 1007 2043 1087 »14
2079 1005 2234 1086 Ego
2266 1003 2502 1068 Mucel
2554 1003 2697 1067 dux

597 1104 936 1169 consensi.
1000 1107 1078 1186 »14
1108 1105 1262 1186 Ego
1281 1105 1565 1187 Sigered
1588 1106 1734 1170 dux
1751 1106 2089 1170 consensi.
2162 1106 2241 1186 »14
2272 1105 2425 1186 Ego
2444 1102 2700 1169 Dudda

597 1203 743 1267 dux
773 1205 1114 1269 consensi.
1196 1207 1275 1287 »14
1312 1206 1466 1288 Ego
1484 1203 1827 1271 Aldberht
1857 1205 2002 1270 dux
2031 1204 2373 1269 consensi.
2438 1207 2516 1286 »14
2547 1203 2697 1284 Ego

595 1303 902 1369 Aelfred.
976 1306 1055 1386 »14
1090 1305 1243 1386 Ego
1269 1305 1565 1387 Uuicga.
1638 1310 1716 1389 »14
1748 1305 1900 1387 Ego
1920 1303 2375 1369 Aethelheah.
2439 1307 2517 1386 »14
2547 1304 2698 1385 Ego

597 1404 901 1486 Eadgar.
986 1407 1064 1486 »14
1099 1405 1252 1487 Ego
1301 1405 1611 1488 Uuiglaf.
1699 1409 1777 1488 »14
1807 1406 1960 1488 Ego
1992 1403 2316 1469 Eaduulf.
2431 1407 2509 1486 »14
2545 1404 2696 1485 Ego

600 1502 911 1568 Uulfred.

1530 1640 1770 1653 -——

1485 1777 1824 1844 CCLIX.

779 1923 1456 1992 AETHELUULF
1504 1927 1634 1992 OF
1679 1928 2118 2008 WESSEX,
2150 1929 2501 2012 Tuesday,

1358 2060 1542 2126 Nov.
1578 2061 1769 2140 19th,
1797 2062 1953 2126 845.

914 2199 1323 2265 REGNANTE
1365 2201 1438 2264 in
1484 2209 1892 2285 perpetuum
1936 2203 2072 2268 diio
2099 2202 2189 2269 do
2234 2204 2357 2269 n‘i‘o
2391 2203 2701 2285 omnipo-

813 2301 987 2364 tenti
1062 2301 1216 2383 Ego
1291 2299 1648 2366 aedeluulf
1715 2305 1945 2385 gratia
2037 2303 2108 2368 di
2191 2324 2313 2367 rex
2388 2304 2706 2367 occiden-'

814 2401 1055 2465 talium
1123 2420 1466 2465 saxonum
1529 2422 1797 2467 necnon
1860 2426 1907 2494 7
1965 2405 2478 2468 cantuariorum
2549 2422 2703 2466 cum

601 2523 942 2568 consensu
985 2522 1067 2566 ac
1115 2501 1397 2567 licentia
1445 2520 1753 2567 meorum
1790 2503 2132 2618 optimatii
2162 2504 2342 2569 dabo
2389 2504 2702 2586 aliquan-

603 2605 822 2669 tulam
865 2609 1133 2694 partem
1163 2609 1346 2666 terre
1376 2622 1568 2668 meae
1597 2605 1917 2687 propriae
1964 2605 2132 2669 iuris
2181 2604 2534 2669 badonooe
2581 2623 2703 2687 ap-

602 2704 891 2788 paritori
920 2722 1073 2768 meo
1102 2688 1237 2765 id÷
1270 2667 1502 2768 uillam
1536 2724 1745 2768 unam
1773 2706 1862 2769 ab
1893 2705 2227 2770 orientale
2254 2713 2452 2788 parte
2492 2705 2705 2767 muris

603 2804 1011 2909 dorouernie
1039 2802 1388 2868 ciuitatis.
1410 2820 1653 2869 xvnn.
1682 2825 1749 2888 q.
1784 2806 2067 2887 iugera.
2090 2806 2219 2870 hoc
2245 2816 2317 2869 -ἓ,
2342 2823 2436 2869 v1.
2463 2806 2707 2885 iugera

602 2906 721 2970 ubi
749 2869 1145 2969 nominatur
1173 2910 1245 2967 et
1274 2903 1712 2969 uuihtbaldes
1741 2904 1963 2969 hlawe
1991 2928 2036 2997 7
2064 2906 2136 2969 in
2167 2906 2471 2970 australe
2508 2910 2708 2987 parte

603 3005 877 3089 puplice
921 3012 1139 3069 strate
1184 3004 1454 3070 altera.
1490 3022 1588 3068 v1.
1615 3028 1660 3097 7
1691 3005 1764 3068 in
1811 3007 2116 3070 australe
2160 3005 2585 3070 occidentale
2635 3024 2702 3087 q:

602 3106 877 3190 puplice
909 3110 1127 3169 strate
1154 3104 1274 3167 ubi
1302 3104 1696 3188 appellatur
1722 3113 2210 3187 uueoweraget
2235 3107 2308 3172 in
2337 3106 2703 3187 confinioq.

602 3204 1130 3287 deoringlondes
1183 3249 1200 3267 .
1250 3220 1376 3269 vn.
1422 3205 1664 3286 iugero
1710 3225 1834 3269 seu
1876 3206 2086 3270 etiam
2137 3206 2273 3270 tria
2315 3214 2519 3288 prata
2564 3213 2706 3269 tra-

603 3304 828 3370 dendo
877 3305 980 3369 illi
1024 3302 1326 3368 concedo
1363 3323 1508 3368 una
1555 3307 1644 3369 ab
1687 3306 1935 3370 orienti
1963 3306 2266 3370 fluminis
2294 3307 2413 3389 qui
2457 3306 2708 3369 dicitur

602 3414 793 3472 sture
825 3422 960 3503 que
1005 3404 1397 3493 appellatur
1441 3405 1790 3487 alingmed
1826 3454 1841 3470 .
1875 3406 2096 3471 altera
2130 3425 2266 3488 que
2311 3407 2707 3470 nominatur

605 3508 865 3588 longan
916 3505 1072 3569 med
1099 3527 1145 3595 7
1174 3504 1338 3569 iacit
1381 3506 1468 3569 be
1517 3504 1774 3570 noroan
1825 3506 2001 3588 hege
2053 3555 2068 3572 .
2117 3508 2324 3572 tertia
2367 3506 2441 3570 in
2485 3505 2711 3574 media

605 3608 954 3672 urbanorfi
984 3612 1383 3688 pratorum.
1407 3604 1693 3689 insuper
1719 3606 1927 3670 etiam
1958 3607 2308 3672 animalib:
2345 3607 2531 3670 illius
2553 3626 2709 3674 cum

604 3707 935 3773 armentis
984 3706 1166 3788 regis
1213 3724 1548 3789 pascuum
1593 3706 1916 3771 donabo.
1959 3707 2137 3771 hanc
2183 3727 2349 3771 uero
2397 3706 2708 3790 predictu

605 3808 1047 3873 donationem
1087 3806 1290 3870 huius
1320 3814 1502 3871 terre
1552 3827 1678 3889 pro
1722 3825 1956 3871 amore
1984 3807 2055 3872 di
2081 3809 2484 3891 petitioneq.
2517 3806 2704 3871 alch-

605 3909 767 3974 here
797 3908 992 3972 ducis
1036 3915 1107 3971 et
1153 3926 1236 3971 ac
1285 3873 1593 3989 opetenti
1636 3907 1927 3991 pecunio
1956 3927 2165 3990 quam
2209 3909 2298 3972 ab
2345 3927 2428 3971 eo
2476 3905 2710 3989 accepi

606 4010 737 4075 hoc
765 4019 846 4073 ἐ.
882 4025 1011 4072 xv.
1038 4026 1404 4071 mancusas
1438 4008 1589 4071 auri
1616 4008 1691 4071 in
1723 4008 2210 4090 sempiternam
2258 4006 2709 4071 hereditatem

603 4109 992 4176 habendam
1018 4131 1062 4199 7
1092 4107 1576 4191 possidendam
1607 4107 1965 4191 feliciterq:
2015 4108 2088 4172 in
2136 4109 2282 4173 dies
2322 4108 2470 4171 eius
2520 4106 2629 4195 pfr
2632 4127 2707 4170 u-

602 4214 784 4277 endii
830 4210 1103 4274 donabo
1132 4231 1175 4299 7
1209 4213 1369 4291 post
1412 4208 1560 4272 dies
1605 4199 1751 4273 eius
1797 4210 2136 4292 cuicumq:
2170 4209 2233 4273 ei
2270 4206 2514 4271 heredi
2560 4207 2707 4291 pla-
