3044 5019
871 451 1217 500 anR'rAss
1266 447 1951 501 ANGLOSAXONIGAE.
2332 438 2461 501 431

341 614 574 670 torum
607 614 796 671 metu
829 609 1153 691 perculsi,
1187 610 1525 673 scelerum
1550 611 1880 674 memoria
1912 608 2204 684 confusi,
2235 610 2452 671 totius

345 707 681 770 bonitatis
714 709 1186 772 recordatione
1235 709 1507 786 semoti,
1555 718 1837 774 aeterno
1877 710 2208 792 lugubres
2255 709 2456 796 puni-

342 813 553 869 entur
584 808 920 872 cruciatu.

781 995 842 1037 x.
894 973 1048 1038 Item
1076 976 1148 1038 de
1176 978 1553 1040 anathemate
1583 979 2021 1041 insidiantium.

449 1098 592 1177 Qui
625 1108 858 1166 autem
902 1101 1293 1184 praedictos
1338 1102 1503 1166 noui
1534 1100 2039 1166 Wintaniensis
2075 1103 2452 1167 aecclesiae

342 1202 661 1264 coenobii
710 1202 1084 1266 monachos
1128 1201 1242 1265 uel
1288 1202 1599 1285 quolibet
1648 1201 1952 1265 eiusdem
1988 1201 2248 1266 ordinis
2292 1221 2454 1265 nos-

344 1305 454 1363 tro
507 1302 841 1382 regimine
896 1301 1251 1383 degenteS,
1304 1322 1342 1365 e
1393 1301 1835 1366 monasteriis
1899 1320 2078 1384 quae
2126 1301 2454 1365 uitiorum

342 1401 720 1480 spurcitias
743 1421 1161 1483 expurgenS,
1177 1400 1387 1465 Ihesu
1399 1399 1680 1466 Christo
1702 1399 1981 1464 domino
2000 1408 2238 1465 nostro
2263 1402 2452 1465 uicto

342 1496 681 1564 daemone
699 1500 1069 1583 adquisiui,
1097 1500 1449 1565 eliminare
1471 1519 1919 1583 praesumens
1939 1500 2262 1576 uoluerit,
2282 1520 2451 1564 ana-

343 1597 583 1663 thema
612 1601 706 1664 sit
731 1620 749 1679 3
798 1608 869 1665 et
895 1599 1137 1664 eadem
1171 1600 1678 1677 maledictione,
1707 1618 1847 1684 qua
1871 1597 2049 1663 Cain
2082 1599 2451 1682 parricida,

343 1700 466 1780 qui
496 1698 783 1764 fratrem
812 1720 1015 1763 suum
1051 1697 1256 1776 Abel,
1298 1700 1700 1765 stimulante
1732 1698 2020 1776 inuidia,
2054 1698 2309 1764 liuidus
2344 1700 2451 1764 in-

341 1800 642 1877 teremit,
689 1800 1015 1881 mastigia
1058 1798 1375 1864 addictus
1415 1806 1549 1876 est,
1593 1800 1742 1863 sine
1787 1799 2079 1863 termino
2131 1806 2452 1864 teneatur

340 1899 715 1976 obnoxiuS,
744 1906 955 1981 atque
989 1900 1064 1963 in
1096 1898 1206 1963 dei
1246 1899 1724 1981 persecutione
1764 1898 2092 1962 continuo
2129 1916 2449 1979 perseue-

341 2018 509 2062 rans
541 1999 613 2061 in
642 1999 772 2063 hac
811 2000 961 2062 uita
1005 1999 1272 2062 nullum
1312 1998 1675 2080 dignitatis
1727 1998 2051 2080 adquirat
2094 1996 2448 2076 honorem,

337 2118 465 2162 nec
501 2098 574 2162 in
605 2098 839 2162 futuro
870 2098 1019 2162 sine
1048 2099 1326 2163 miseria
1364 2117 1694 2181 umquam
1724 2098 2077 2180 persistat,
2121 2098 2244 2163 sed
2291 2118 2449 2164 eum

342 2195 665 2260 Ananiae
722 2205 793 2261 et
841 2197 1174 2280 Saphirae
1222 2217 1364 2262 una
1415 2198 1573 2261 Stix
1624 2197 1887 2280 porrigi
1938 2217 2026 2262 ne
2075 2198 2447 2264 eiulantem

341 2296 664 2361 crucians
694 2297 1216 2379 complectatur.

663 2479 753 2523 xl.
793 2458 895 2524 De
923 2461 1316 2524 benedictione
1346 2461 1660 2524 monachos
1689 2464 2118 2525 uenerant-ium.

448 2584 860 2669 Quicunque
923 2587 1411 2669 praetitulatos
1469 2585 1842 2651 monachos
1906 2587 2107 2651 bonis
2161 2587 2445 2669 quibus-

337 2686 511 2750 libet
547 2686 979 2768 locupletans
1014 2686 1237 2751 ditare
1282 2685 1603 2762 uoluerit,
1654 2694 1924 2752 creator
1966 2687 2444 2775 cunctitenens
2492 2716 2496 2720 ⁴

341 2785 715 2850 clementer
778 2806 898 2850 eos
964 2805 1338 2868 eorumque
1406 2786 1805 2869 progeniem
1861 2787 2079 2854 totius
2132 2788 2449 2852 ubertate

339 2886 823 2967 prosperitatis
846 2885 958 2950 hic
980 2893 1051 2950 et
1073 2885 1145 2949 in
1163 2885 1398 2948 futuro
1422 2886 1701 2950 saeculo
1723 2885 2010 2953 ditando
2028 2886 2401 2968 locupletet
2425 2909 2444 2966 ;

339 2984 619 3066 scriptis
656 2985 979 3049 decenter
1022 3005 1258 3048 eorum
1290 2983 1363 3049 in
1395 2984 1573 3049 libro
1609 2985 1797 3048 uitae
1834 2985 2252 3062 nominibus,
2286 3005 2442 3050 cum

342 3082 621 3148 Christo
684 3085 1070 3168 portionem
1134 3084 1207 3147 in
1253 3084 1600 3151 coelorum
1649 3084 2065 3150 habitaculis
2116 3084 2439 3162 habeant,

340 3184 461 3265 qui
511 3184 885 3249 monachos
924 3204 1111 3260 suos,
1148 3202 1323 3264 quos
1369 3184 1624 3248 nostris
1666 3191 2130 3265 congregatos
2174 3191 2439 3266 tempo-

340 3283 532 3347 ribus
564 3284 876 3366 possidet
905 3284 1019 3348 uel
1071 3283 1300 3349 uerbis
1356 3283 1465 3347 uel
1515 3284 1720 3348 factis
1768 3284 2161 3353 sanctitatis
2214 3284 2444 3351 studio

340 3380 856 3450 honorauerint.

341 3565 459 3607 xn.
488 3544 713 3617 Quales
741 3557 798 3609 et
828 3548 1086 3633 qualiter
1118 3545 1393 3607 monachi
1416 3547 1480 3605 in
1501 3545 1610 3605 Ῑιοσ
1630 3544 1985 3604 monasterio
2008 3550 2440 3605 conversentur.

446 3671 834 3752 Regulares
869 3672 1085 3753 igitur
1126 3669 1469 3746 monachi,
1501 3687 1641 3731 non
1687 3667 2101 3746 saeculares,
2135 3668 2207 3732 in
2240 3688 2440 3750 prae,-

343 3771 512 3848 sato,
579 3771 856 3835 Christo
917 3771 1189 3847 comite,
1254 3769 1586 3850 degentes
1656 3769 2098 3845 monasterio,
2161 3768 2442 3847 regulae

344 3872 646 3934 moribus
702 3872 1199 3952 obtemperent,
1258 3874 1493 3950 patres
1554 3874 1965 3931 uenerantes
2020 3867 2439 3948 spiritualeS,

341 3978 737 4034 sanctorum
802 3976 1076 4051 patrum
1131 3969 1489 4032 imitentur
1541 3966 1901 4048 exempla3
1968 3965 2065 4029 nil
2128 3972 2438 4046 agenteS,

345 4070 479 4135 nisi
522 4069 708 4150 quod
752 4067 1134 4134 communis
1191 4066 1595 4131 monasterii
1649 4066 1889 4146 regula
1936 4064 2049 4126 uel
2105 4064 2442 4129 maiorum

338 4169 916 4235 demonstrauerit
943 4186 1206 4232 norma.
1317 4165 1380 4230 A
1415 4166 1885 4229 saecularibus
1930 4163 2142 4245 igitur
2168 4164 2439 4246 pompis

337 4270 609 4347 remoti,
655 4275 803 4335 toto
849 4268 1004 4331 nisu
1058 4266 1365 4348 corporis
1400 4264 1804 4330 custodiant
1853 4270 1924 4328 et
1972 4264 2242 4329 animae
2287 4282 2437 4331 cas-
